%YAML 1.1
%TAG !u! tag:unity3d.com,2011:
--- !u!29 &1
OcclusionCullingSettings:
  m_ObjectHideFlags: 0
  serializedVersion: 2
  m_OcclusionBakeSettings:
    smallestOccluder: 5
    smallestHole: 0.25
    backfaceThreshold: 100
  m_SceneGUID: 00000000000000000000000000000000
  m_OcclusionCullingData: {fileID: 0}
--- !u!104 &2
RenderSettings:
  m_ObjectHideFlags: 0
  serializedVersion: 8
  m_Fog: 0
  m_FogColor: {r: 0.5, g: 0.5, b: 0.5, a: 1}
  m_FogMode: 3
  m_FogDensity: 0.01
  m_LinearFogStart: 0
  m_LinearFogEnd: 300
  m_AmbientSkyColor: {r: 0.212, g: 0.227, b: 0.259, a: 1}
  m_AmbientEquatorColor: {r: 0.114, g: 0.125, b: 0.133, a: 1}
  m_AmbientGroundColor: {r: 0.047, g: 0.043, b: 0.035, a: 1}
  m_AmbientIntensity: 1
  m_AmbientMode: 0
  m_SubtractiveShadowColor: {r: 0.42, g: 0.478, b: 0.627, a: 1}
  m_SkyboxMaterial: {fileID: 10304, guid: 0000000000000000f000000000000000, type: 0}
  m_HaloStrength: 0.5
  m_FlareStrength: 1
  m_FlareFadeSpeed: 3
  m_HaloTexture: {fileID: 0}
  m_SpotCookie: {fileID: 10001, guid: 0000000000000000e000000000000000, type: 0}
  m_DefaultReflectionMode: 0
  m_DefaultReflectionResolution: 128
  m_ReflectionBounces: 1
  m_ReflectionIntensity: 1
  m_CustomReflection: {fileID: 0}
  m_Sun: {fileID: 0}
  m_IndirectSpecularColor: {r: 0.44657898, g: 0.4964133, b: 0.5748178, a: 1}
--- !u!157 &3
LightmapSettings:
  m_ObjectHideFlags: 0
  serializedVersion: 11
  m_GIWorkflowMode: 0
  m_GISettings:
    serializedVersion: 2
    m_BounceScale: 1
    m_IndirectOutputScale: 1
    m_AlbedoBoost: 1
    m_TemporalCoherenceThreshold: 1
    m_EnvironmentLightingMode: 0
    m_EnableBakedLightmaps: 1
    m_EnableRealtimeLightmaps: 1
  m_LightmapEditorSettings:
    serializedVersion: 9
    m_Resolution: 2
    m_BakeResolution: 40
    m_TextureWidth: 1024
    m_TextureHeight: 1024
    m_AO: 0
    m_AOMaxDistance: 1
    m_CompAOExponent: 1
    m_CompAOExponentDirect: 0
    m_Padding: 2
    m_LightmapParameters: {fileID: 0}
    m_LightmapsBakeMode: 1
    m_TextureCompression: 1
    m_FinalGather: 0
    m_FinalGatherFiltering: 1
    m_FinalGatherRayCount: 256
    m_ReflectionCompression: 2
    m_MixedBakeMode: 2
    m_BakeBackend: 0
    m_PVRSampling: 1
    m_PVRDirectSampleCount: 32
    m_PVRSampleCount: 500
    m_PVRBounces: 2
    m_PVRFiltering: 0
    m_PVRFilteringMode: 1
    m_PVRCulling: 1
    m_PVRFilteringGaussRadiusDirect: 1
    m_PVRFilteringGaussRadiusIndirect: 5
    m_PVRFilteringGaussRadiusAO: 2
    m_PVRFilteringAtrousColorSigma: 1
    m_PVRFilteringAtrousNormalSigma: 1
    m_PVRFilteringAtrousPositionSigma: 1
  m_LightingDataAsset: {fileID: 0}
  m_UseShadowmask: 1
--- !u!196 &4
NavMeshSettings:
  serializedVersion: 2
  m_ObjectHideFlags: 0
  m_BuildSettings:
    serializedVersion: 2
    agentTypeID: 0
    agentRadius: 0.5
    agentHeight: 2
    agentSlope: 45
    agentClimb: 0.4
    ledgeDropHeight: 0
    maxJumpAcrossDistance: 0
    minRegionArea: 2
    manualCellSize: 0
    cellSize: 0.16666667
    manualTileSize: 0
    tileSize: 256
    accuratePlacement: 0
  m_NavMeshData: {fileID: 0}
--- !u!1 &35332796 stripped
GameObject:
  m_PrefabParentObject: {fileID: 1642127506198636, guid: 04e57e2582e5544e784c3651a31985e6,
    type: 2}
  m_PrefabInternal: {fileID: 1678849401}
--- !u!114 &35332798
MonoBehaviour:
  m_ObjectHideFlags: 0
  m_PrefabParentObject: {fileID: 0}
  m_PrefabInternal: {fileID: 0}
  m_GameObject: {fileID: 35332796}
  m_Enabled: 1
  m_EditorHideFlags: 0
  m_Script: {fileID: 11500000, guid: 41df52adcb5cc4148bc56aa445e08f90, type: 3}
  m_Name: 
  m_EditorClassIdentifier: 
  explosion: {fileID: 100012, guid: 160925a6fe2664f2a978566b819f0af0, type: 2}
  playerExplosion: {fileID: 100008, guid: 3455fe69f7ddc4604b95bf9b0a1e88d7, type: 2}
--- !u!1 &65129338 stripped
GameObject:
  m_PrefabParentObject: {fileID: 1023929663930948, guid: 04e57e2582e5544e784c3651a31985e6,
    type: 2}
  m_PrefabInternal: {fileID: 1678849401}
--- !u!114 &65129340
MonoBehaviour:
  m_ObjectHideFlags: 0
  m_PrefabParentObject: {fileID: 0}
  m_PrefabInternal: {fileID: 0}
  m_GameObject: {fileID: 65129338}
  m_Enabled: 1
  m_EditorHideFlags: 0
  m_Script: {fileID: 11500000, guid: 41df52adcb5cc4148bc56aa445e08f90, type: 3}
  m_Name: 
  m_EditorClassIdentifier: 
  explosion: {fileID: 100012, guid: 160925a6fe2664f2a978566b819f0af0, type: 2}
  playerExplosion: {fileID: 100008, guid: 3455fe69f7ddc4604b95bf9b0a1e88d7, type: 2}
--- !u!1 &131857212 stripped
GameObject:
  m_PrefabParentObject: {fileID: 1364760314778450, guid: 04e57e2582e5544e784c3651a31985e6,
    type: 2}
  m_PrefabInternal: {fileID: 1678849401}
--- !u!114 &131857214
MonoBehaviour:
  m_ObjectHideFlags: 0
  m_PrefabParentObject: {fileID: 0}
  m_PrefabInternal: {fileID: 0}
  m_GameObject: {fileID: 131857212}
  m_Enabled: 1
  m_EditorHideFlags: 0
  m_Script: {fileID: 11500000, guid: 41df52adcb5cc4148bc56aa445e08f90, type: 3}
  m_Name: 
  m_EditorClassIdentifier: 
  explosion: {fileID: 100012, guid: 160925a6fe2664f2a978566b819f0af0, type: 2}
  playerExplosion: {fileID: 100008, guid: 3455fe69f7ddc4604b95bf9b0a1e88d7, type: 2}
--- !u!114 &164487309 stripped
MonoBehaviour:
  m_PrefabParentObject: {fileID: 114345721429451838, guid: 884df4e5dbb33400681047d4d001a08b,
    type: 2}
  m_PrefabInternal: {fileID: 1782184666}
  m_Script: {fileID: 1453722849, guid: 89f0137620f6af44b9ba852b4190e64e, type: 3}
--- !u!1001 &330884110
Prefab:
  m_ObjectHideFlags: 0
  serializedVersion: 2
  m_Modification:
    m_TransformParent: {fileID: 0}
    m_Modifications:
    - target: {fileID: 4570845059327512, guid: cc41ae50634634e7684bd436351860b7, type: 2}
      propertyPath: m_LocalPosition.x
      value: 0
      objectReference: {fileID: 0}
    - target: {fileID: 4570845059327512, guid: cc41ae50634634e7684bd436351860b7, type: 2}
      propertyPath: m_LocalPosition.y
      value: 0
      objectReference: {fileID: 0}
    - target: {fileID: 4570845059327512, guid: cc41ae50634634e7684bd436351860b7, type: 2}
      propertyPath: m_LocalPosition.z
      value: -5.2
      objectReference: {fileID: 0}
    - target: {fileID: 4570845059327512, guid: cc41ae50634634e7684bd436351860b7, type: 2}
      propertyPath: m_LocalRotation.x
      value: 0
      objectReference: {fileID: 0}
    - target: {fileID: 4570845059327512, guid: cc41ae50634634e7684bd436351860b7, type: 2}
      propertyPath: m_LocalRotation.y
      value: 0
      objectReference: {fileID: 0}
    - target: {fileID: 4570845059327512, guid: cc41ae50634634e7684bd436351860b7, type: 2}
      propertyPath: m_LocalRotation.z
      value: 0
      objectReference: {fileID: 0}
    - target: {fileID: 4570845059327512, guid: cc41ae50634634e7684bd436351860b7, type: 2}
      propertyPath: m_LocalRotation.w
      value: 1
      objectReference: {fileID: 0}
    - target: {fileID: 4570845059327512, guid: cc41ae50634634e7684bd436351860b7, type: 2}
      propertyPath: m_RootOrder
      value: 1
      objectReference: {fileID: 0}
    - target: {fileID: 114166949650182644, guid: cc41ae50634634e7684bd436351860b7,
        type: 2}
      propertyPath: timerText
      value: 
      objectReference: {fileID: 1693932237}
    - target: {fileID: 114522036984604768, guid: cc41ae50634634e7684bd436351860b7,
        type: 2}
      propertyPath: scoreText
      value: 
      objectReference: {fileID: 0}
    - target: {fileID: 114522036984604768, guid: cc41ae50634634e7684bd436351860b7,
        type: 2}
      propertyPath: restartText
      value: 
      objectReference: {fileID: 164487309}
    - target: {fileID: 114522036984604768, guid: cc41ae50634634e7684bd436351860b7,
        type: 2}
      propertyPath: gameOverText
      value: 
      objectReference: {fileID: 1140764739}
    - target: {fileID: 4092184199093730, guid: cc41ae50634634e7684bd436351860b7, type: 2}
      propertyPath: m_LocalPosition.x
      value: -6.3
      objectReference: {fileID: 0}
    m_RemovedComponents: []
  m_ParentPrefab: {fileID: 100100000, guid: cc41ae50634634e7684bd436351860b7, type: 2}
  m_IsPrefabParent: 0
--- !u!1001 &561689670
Prefab:
  m_ObjectHideFlags: 0
  serializedVersion: 2
  m_Modification:
    m_TransformParent: {fileID: 0}
    m_Modifications:
    - target: {fileID: 4581715318656382, guid: 082aadee2d7a546ec8d37a27b95594df, type: 2}
      propertyPath: m_LocalPosition.x
      value: 61.22217
      objectReference: {fileID: 0}
    - target: {fileID: 4581715318656382, guid: 082aadee2d7a546ec8d37a27b95594df, type: 2}
      propertyPath: m_LocalPosition.y
      value: 162.03717
      objectReference: {fileID: 0}
    - target: {fileID: 4581715318656382, guid: 082aadee2d7a546ec8d37a27b95594df, type: 2}
      propertyPath: m_LocalPosition.z
      value: -37.731018
      objectReference: {fileID: 0}
    - target: {fileID: 4581715318656382, guid: 082aadee2d7a546ec8d37a27b95594df, type: 2}
      propertyPath: m_LocalRotation.x
      value: 0
      objectReference: {fileID: 0}
    - target: {fileID: 4581715318656382, guid: 082aadee2d7a546ec8d37a27b95594df, type: 2}
      propertyPath: m_LocalRotation.y
      value: 0
      objectReference: {fileID: 0}
    - target: {fileID: 4581715318656382, guid: 082aadee2d7a546ec8d37a27b95594df, type: 2}
      propertyPath: m_LocalRotation.z
      value: 0
      objectReference: {fileID: 0}
    - target: {fileID: 4581715318656382, guid: 082aadee2d7a546ec8d37a27b95594df, type: 2}
      propertyPath: m_LocalRotation.w
      value: 1
      objectReference: {fileID: 0}
    - target: {fileID: 4581715318656382, guid: 082aadee2d7a546ec8d37a27b95594df, type: 2}
      propertyPath: m_RootOrder
      value: 4
      objectReference: {fileID: 0}
    - target: {fileID: 4338000073507516, guid: 082aadee2d7a546ec8d37a27b95594df, type: 2}
      propertyPath: m_LocalScale.y
      value: 5
      objectReference: {fileID: 0}
    - target: {fileID: 4338000073507516, guid: 082aadee2d7a546ec8d37a27b95594df, type: 2}
      propertyPath: m_LocalPosition.y
      value: -1.52
      objectReference: {fileID: 0}
    - target: {fileID: 4338000073507516, guid: 082aadee2d7a546ec8d37a27b95594df, type: 2}
      propertyPath: m_LocalPosition.z
      value: -0.33
      objectReference: {fileID: 0}
    - target: {fileID: 4338000073507516, guid: 082aadee2d7a546ec8d37a27b95594df, type: 2}
      propertyPath: m_LocalPosition.x
      value: -0.23
      objectReference: {fileID: 0}
    - target: {fileID: 4452998911805272, guid: 082aadee2d7a546ec8d37a27b95594df, type: 2}
      propertyPath: m_LocalScale.y
      value: 6
      objectReference: {fileID: 0}
    - target: {fileID: 4452998911805272, guid: 082aadee2d7a546ec8d37a27b95594df, type: 2}
      propertyPath: m_LocalPosition.x
      value: -0
      objectReference: {fileID: 0}
    - target: {fileID: 4452998911805272, guid: 082aadee2d7a546ec8d37a27b95594df, type: 2}
      propertyPath: m_LocalPosition.y
      value: -2.5
      objectReference: {fileID: 0}
    - target: {fileID: 4570889413779458, guid: 082aadee2d7a546ec8d37a27b95594df, type: 2}
      propertyPath: m_LocalScale.y
      value: 4
      objectReference: {fileID: 0}
    - target: {fileID: 4570889413779458, guid: 082aadee2d7a546ec8d37a27b95594df, type: 2}
      propertyPath: m_LocalPosition.y
      value: -1.29
      objectReference: {fileID: 0}
    - target: {fileID: 1280818537936576, guid: 082aadee2d7a546ec8d37a27b95594df, type: 2}
      propertyPath: m_IsActive
      value: 1
      objectReference: {fileID: 0}
    - target: {fileID: 23657914669995524, guid: 082aadee2d7a546ec8d37a27b95594df,
        type: 2}
      propertyPath: m_Enabled
      value: 0
      objectReference: {fileID: 0}
    m_RemovedComponents: []
  m_ParentPrefab: {fileID: 100100000, guid: 082aadee2d7a546ec8d37a27b95594df, type: 2}
  m_IsPrefabParent: 0
--- !u!1 &573965813 stripped
GameObject:
  m_PrefabParentObject: {fileID: 1594443325865934, guid: 04e57e2582e5544e784c3651a31985e6,
    type: 2}
  m_PrefabInternal: {fileID: 1678849401}
--- !u!114 &573965815
MonoBehaviour:
  m_ObjectHideFlags: 0
  m_PrefabParentObject: {fileID: 0}
  m_PrefabInternal: {fileID: 0}
  m_GameObject: {fileID: 573965813}
  m_Enabled: 1
  m_EditorHideFlags: 0
  m_Script: {fileID: 11500000, guid: 41df52adcb5cc4148bc56aa445e08f90, type: 3}
  m_Name: 
  m_EditorClassIdentifier: 
  explosion: {fileID: 100012, guid: 160925a6fe2664f2a978566b819f0af0, type: 2}
  playerExplosion: {fileID: 100008, guid: 3455fe69f7ddc4604b95bf9b0a1e88d7, type: 2}
--- !u!1 &624201324 stripped
GameObject:
  m_PrefabParentObject: {fileID: 1197531126447038, guid: 04e57e2582e5544e784c3651a31985e6,
    type: 2}
  m_PrefabInternal: {fileID: 1678849401}
--- !u!114 &624201326
MonoBehaviour:
  m_ObjectHideFlags: 0
  m_PrefabParentObject: {fileID: 0}
  m_PrefabInternal: {fileID: 0}
  m_GameObject: {fileID: 624201324}
  m_Enabled: 1
  m_EditorHideFlags: 0
  m_Script: {fileID: 11500000, guid: 41df52adcb5cc4148bc56aa445e08f90, type: 3}
  m_Name: 
  m_EditorClassIdentifier: 
  explosion: {fileID: 100012, guid: 160925a6fe2664f2a978566b819f0af0, type: 2}
  playerExplosion: {fileID: 100008, guid: 3455fe69f7ddc4604b95bf9b0a1e88d7, type: 2}
--- !u!1 &692364088
GameObject:
  m_ObjectHideFlags: 0
  m_PrefabParentObject: {fileID: 1918260568082544, guid: 04e57e2582e5544e784c3651a31985e6,
    type: 2}
  m_PrefabInternal: {fileID: 0}
  serializedVersion: 5
  m_Component:
  - component: {fileID: 692364089}
  - component: {fileID: 692364092}
  - component: {fileID: 692364091}
  - component: {fileID: 692364090}
  m_Layer: 0
  m_Name: Cube (33)
  m_TagString: Untagged
  m_Icon: {fileID: 0}
  m_NavMeshLayer: 0
  m_StaticEditorFlags: 0
  m_IsActive: 1
--- !u!4 &692364089
Transform:
  m_ObjectHideFlags: 0
  m_PrefabParentObject: {fileID: 4883431171645266, guid: 04e57e2582e5544e784c3651a31985e6,
    type: 2}
  m_PrefabInternal: {fileID: 0}
  m_GameObject: {fileID: 692364088}
  m_LocalRotation: {x: 0, y: 0, z: 0, w: 1}
  m_LocalPosition: {x: 52.03, y: 23.600006, z: 79.66}
  m_LocalScale: {x: 10, y: 1, z: 2.000001}
  m_Children: []
  m_Father: {fileID: 1678849402}
  m_RootOrder: 33
  m_LocalEulerAnglesHint: {x: 0, y: 0, z: 0}
--- !u!23 &692364090
MeshRenderer:
  m_ObjectHideFlags: 0
  m_PrefabParentObject: {fileID: 23448856941666796, guid: 04e57e2582e5544e784c3651a31985e6,
    type: 2}
  m_PrefabInternal: {fileID: 0}
  m_GameObject: {fileID: 692364088}
  m_Enabled: 1
  m_CastShadows: 1
  m_ReceiveShadows: 1
  m_MotionVectors: 1
  m_LightProbeUsage: 1
  m_ReflectionProbeUsage: 1
  m_Materials:
  - {fileID: 2100000, guid: d7a01a95aee0a8749acfc9a7255e7699, type: 2}
  m_StaticBatchInfo:
    firstSubMesh: 0
    subMeshCount: 0
  m_StaticBatchRoot: {fileID: 0}
  m_ProbeAnchor: {fileID: 0}
  m_LightProbeVolumeOverride: {fileID: 0}
  m_ScaleInLightmap: 1
  m_PreserveUVs: 1
  m_IgnoreNormalsForChartDetection: 0
  m_ImportantGI: 0
  m_SelectedEditorRenderState: 3
  m_MinimumChartSize: 4
  m_AutoUVMaxDistance: 0.5
  m_AutoUVMaxAngle: 89
  m_LightmapParameters: {fileID: 0}
  m_SortingLayerID: 0
  m_SortingLayer: 0
  m_SortingOrder: 0
--- !u!65 &692364091
BoxCollider:
  m_ObjectHideFlags: 0
  m_PrefabParentObject: {fileID: 65203191761862738, guid: 04e57e2582e5544e784c3651a31985e6,
    type: 2}
  m_PrefabInternal: {fileID: 0}
  m_GameObject: {fileID: 692364088}
  m_Material: {fileID: 0}
  m_IsTrigger: 1
  m_Enabled: 0
  serializedVersion: 2
  m_Size: {x: 1, y: 1, z: 1}
  m_Center: {x: 0, y: 0, z: 0}
--- !u!33 &692364092
MeshFilter:
  m_ObjectHideFlags: 0
  m_PrefabParentObject: {fileID: 33310435515569408, guid: 04e57e2582e5544e784c3651a31985e6,
    type: 2}
  m_PrefabInternal: {fileID: 0}
  m_GameObject: {fileID: 692364088}
  m_Mesh: {fileID: 10202, guid: 0000000000000000e000000000000000, type: 0}
--- !u!1 &697719479 stripped
GameObject:
  m_PrefabParentObject: {fileID: 1935640227218894, guid: 04e57e2582e5544e784c3651a31985e6,
    type: 2}
  m_PrefabInternal: {fileID: 1678849401}
--- !u!114 &697719481
MonoBehaviour:
  m_ObjectHideFlags: 0
  m_PrefabParentObject: {fileID: 0}
  m_PrefabInternal: {fileID: 0}
  m_GameObject: {fileID: 697719479}
  m_Enabled: 1
  m_EditorHideFlags: 0
  m_Script: {fileID: 11500000, guid: 41df52adcb5cc4148bc56aa445e08f90, type: 3}
  m_Name: 
  m_EditorClassIdentifier: 
  explosion: {fileID: 100012, guid: 160925a6fe2664f2a978566b819f0af0, type: 2}
  playerExplosion: {fileID: 100008, guid: 3455fe69f7ddc4604b95bf9b0a1e88d7, type: 2}
--- !u!1 &781395482 stripped
GameObject:
  m_PrefabParentObject: {fileID: 1971899986458730, guid: 04e57e2582e5544e784c3651a31985e6,
    type: 2}
  m_PrefabInternal: {fileID: 1678849401}
--- !u!114 &781395484
MonoBehaviour:
  m_ObjectHideFlags: 0
  m_PrefabParentObject: {fileID: 0}
  m_PrefabInternal: {fileID: 0}
  m_GameObject: {fileID: 781395482}
  m_Enabled: 1
  m_EditorHideFlags: 0
  m_Script: {fileID: 11500000, guid: 41df52adcb5cc4148bc56aa445e08f90, type: 3}
  m_Name: 
  m_EditorClassIdentifier: 
  explosion: {fileID: 100012, guid: 160925a6fe2664f2a978566b819f0af0, type: 2}
  playerExplosion: {fileID: 100008, guid: 3455fe69f7ddc4604b95bf9b0a1e88d7, type: 2}
--- !u!1 &871045391
GameObject:
  m_ObjectHideFlags: 0
  m_PrefabParentObject: {fileID: 1702571294776070, guid: 04e57e2582e5544e784c3651a31985e6,
    type: 2}
  m_PrefabInternal: {fileID: 0}
  serializedVersion: 5
  m_Component:
  - component: {fileID: 871045392}
  - component: {fileID: 871045396}
  - component: {fileID: 871045395}
  - component: {fileID: 871045394}
  - component: {fileID: 871045393}
  m_Layer: 0
  m_Name: Cube (30)
  m_TagString: Untagged
  m_Icon: {fileID: 0}
  m_NavMeshLayer: 0
  m_StaticEditorFlags: 0
  m_IsActive: 1
--- !u!4 &871045392
Transform:
  m_ObjectHideFlags: 0
  m_PrefabParentObject: {fileID: 4403982475811212, guid: 04e57e2582e5544e784c3651a31985e6,
    type: 2}
  m_PrefabInternal: {fileID: 0}
  m_GameObject: {fileID: 871045391}
  m_LocalRotation: {x: -0, y: 0.7071068, z: -0, w: 0.7071068}
  m_LocalPosition: {x: 30.2, y: 23.600006, z: 32.28}
  m_LocalScale: {x: 25.000154, y: 1, z: 2.000001}
  m_Children: []
  m_Father: {fileID: 1678849402}
  m_RootOrder: 29
  m_LocalEulerAnglesHint: {x: 0, y: 90, z: 0}
--- !u!114 &871045393
MonoBehaviour:
  m_ObjectHideFlags: 0
  m_PrefabParentObject: {fileID: 0}
  m_PrefabInternal: {fileID: 0}
  m_GameObject: {fileID: 871045391}
  m_Enabled: 1
  m_EditorHideFlags: 0
  m_Script: {fileID: 11500000, guid: 41df52adcb5cc4148bc56aa445e08f90, type: 3}
  m_Name: 
  m_EditorClassIdentifier: 
  explosion: {fileID: 100012, guid: 160925a6fe2664f2a978566b819f0af0, type: 2}
  playerExplosion: {fileID: 100008, guid: 3455fe69f7ddc4604b95bf9b0a1e88d7, type: 2}
--- !u!23 &871045394
MeshRenderer:
  m_ObjectHideFlags: 0
  m_PrefabParentObject: {fileID: 23647189802475470, guid: 04e57e2582e5544e784c3651a31985e6,
    type: 2}
  m_PrefabInternal: {fileID: 0}
  m_GameObject: {fileID: 871045391}
  m_Enabled: 1
  m_CastShadows: 1
  m_ReceiveShadows: 1
  m_MotionVectors: 1
  m_LightProbeUsage: 1
  m_ReflectionProbeUsage: 1
  m_Materials:
  - {fileID: 2100000, guid: d7a01a95aee0a8749acfc9a7255e7699, type: 2}
  m_StaticBatchInfo:
    firstSubMesh: 0
    subMeshCount: 0
  m_StaticBatchRoot: {fileID: 0}
  m_ProbeAnchor: {fileID: 0}
  m_LightProbeVolumeOverride: {fileID: 0}
  m_ScaleInLightmap: 1
  m_PreserveUVs: 1
  m_IgnoreNormalsForChartDetection: 0
  m_ImportantGI: 0
  m_SelectedEditorRenderState: 3
  m_MinimumChartSize: 4
  m_AutoUVMaxDistance: 0.5
  m_AutoUVMaxAngle: 89
  m_LightmapParameters: {fileID: 0}
  m_SortingLayerID: 0
  m_SortingLayer: 0
  m_SortingOrder: 0
--- !u!65 &871045395
BoxCollider:
  m_ObjectHideFlags: 0
  m_PrefabParentObject: {fileID: 65028812032165162, guid: 04e57e2582e5544e784c3651a31985e6,
    type: 2}
  m_PrefabInternal: {fileID: 0}
  m_GameObject: {fileID: 871045391}
  m_Material: {fileID: 0}
  m_IsTrigger: 1
  m_Enabled: 1
  serializedVersion: 2
  m_Size: {x: 1, y: 1, z: 1}
  m_Center: {x: 0, y: 0, z: 0}
--- !u!33 &871045396
MeshFilter:
  m_ObjectHideFlags: 0
  m_PrefabParentObject: {fileID: 33730624436860460, guid: 04e57e2582e5544e784c3651a31985e6,
    type: 2}
  m_PrefabInternal: {fileID: 0}
  m_GameObject: {fileID: 871045391}
  m_Mesh: {fileID: 10202, guid: 0000000000000000e000000000000000, type: 0}
--- !u!1001 &877614466
Prefab:
  m_ObjectHideFlags: 0
  serializedVersion: 2
  m_Modification:
    m_TransformParent: {fileID: 0}
    m_Modifications:
    - target: {fileID: 4686068788582210, guid: 06988a7befaee4dc4b58747d02131744, type: 2}
      propertyPath: m_LocalPosition.x
      value: 99
      objectReference: {fileID: 0}
    - target: {fileID: 4686068788582210, guid: 06988a7befaee4dc4b58747d02131744, type: 2}
      propertyPath: m_LocalPosition.y
      value: -48
      objectReference: {fileID: 0}
    - target: {fileID: 4686068788582210, guid: 06988a7befaee4dc4b58747d02131744, type: 2}
      propertyPath: m_LocalPosition.z
      value: 77
      objectReference: {fileID: 0}
    - target: {fileID: 4686068788582210, guid: 06988a7befaee4dc4b58747d02131744, type: 2}
      propertyPath: m_LocalRotation.x
      value: -0.11594281
      objectReference: {fileID: 0}
    - target: {fileID: 4686068788582210, guid: 06988a7befaee4dc4b58747d02131744, type: 2}
      propertyPath: m_LocalRotation.y
      value: -0.40810424
      objectReference: {fileID: 0}
    - target: {fileID: 4686068788582210, guid: 06988a7befaee4dc4b58747d02131744, type: 2}
      propertyPath: m_LocalRotation.z
      value: 0.32181
      objectReference: {fileID: 0}
    - target: {fileID: 4686068788582210, guid: 06988a7befaee4dc4b58747d02131744, type: 2}
      propertyPath: m_LocalRotation.w
      value: 0.8464317
      objectReference: {fileID: 0}
    - target: {fileID: 4686068788582210, guid: 06988a7befaee4dc4b58747d02131744, type: 2}
      propertyPath: m_RootOrder
      value: 8
      objectReference: {fileID: 0}
    m_RemovedComponents: []
  m_ParentPrefab: {fileID: 100100000, guid: 06988a7befaee4dc4b58747d02131744, type: 2}
  m_IsPrefabParent: 0
--- !u!1001 &917334772
Prefab:
  m_ObjectHideFlags: 0
  serializedVersion: 2
  m_Modification:
    m_TransformParent: {fileID: 0}
    m_Modifications:
    - target: {fileID: 4640388921049266, guid: 1c54e1938a04e4b43a0511cfd39c4474, type: 2}
      propertyPath: m_LocalPosition.x
      value: -10.4
      objectReference: {fileID: 0}
    - target: {fileID: 4640388921049266, guid: 1c54e1938a04e4b43a0511cfd39c4474, type: 2}
      propertyPath: m_LocalPosition.y
      value: 143.2
      objectReference: {fileID: 0}
    - target: {fileID: 4640388921049266, guid: 1c54e1938a04e4b43a0511cfd39c4474, type: 2}
      propertyPath: m_LocalPosition.z
      value: 41.7
      objectReference: {fileID: 0}
    - target: {fileID: 4640388921049266, guid: 1c54e1938a04e4b43a0511cfd39c4474, type: 2}
      propertyPath: m_LocalRotation.x
      value: 0
      objectReference: {fileID: 0}
    - target: {fileID: 4640388921049266, guid: 1c54e1938a04e4b43a0511cfd39c4474, type: 2}
      propertyPath: m_LocalRotation.y
      value: 0
      objectReference: {fileID: 0}
    - target: {fileID: 4640388921049266, guid: 1c54e1938a04e4b43a0511cfd39c4474, type: 2}
      propertyPath: m_LocalRotation.z
      value: 0
      objectReference: {fileID: 0}
    - target: {fileID: 4640388921049266, guid: 1c54e1938a04e4b43a0511cfd39c4474, type: 2}
      propertyPath: m_LocalRotation.w
      value: 1
      objectReference: {fileID: 0}
    - target: {fileID: 4640388921049266, guid: 1c54e1938a04e4b43a0511cfd39c4474, type: 2}
      propertyPath: m_RootOrder
      value: 6
      objectReference: {fileID: 0}
    - target: {fileID: 4615937670190406, guid: 1c54e1938a04e4b43a0511cfd39c4474, type: 2}
      propertyPath: m_LocalPosition.y
      value: 6
      objectReference: {fileID: 0}
    - target: {fileID: 4120294369265976, guid: 1c54e1938a04e4b43a0511cfd39c4474, type: 2}
      propertyPath: m_LocalPosition.y
      value: 6
      objectReference: {fileID: 0}
    - target: {fileID: 4615937670190406, guid: 1c54e1938a04e4b43a0511cfd39c4474, type: 2}
      propertyPath: m_LocalPosition.z
      value: 4.2
      objectReference: {fileID: 0}
    - target: {fileID: 4120294369265976, guid: 1c54e1938a04e4b43a0511cfd39c4474, type: 2}
      propertyPath: m_LocalPosition.z
      value: 4.200001
      objectReference: {fileID: 0}
    m_RemovedComponents:
    - {fileID: 114080746504192076, guid: 1c54e1938a04e4b43a0511cfd39c4474, type: 2}
  m_ParentPrefab: {fileID: 100100000, guid: 1c54e1938a04e4b43a0511cfd39c4474, type: 2}
  m_IsPrefabParent: 0
--- !u!1 &938712624
GameObject:
  m_ObjectHideFlags: 0
  m_PrefabParentObject: {fileID: 1254236532158444, guid: 04e57e2582e5544e784c3651a31985e6,
    type: 2}
  m_PrefabInternal: {fileID: 0}
  serializedVersion: 5
  m_Component:
  - component: {fileID: 938712625}
  - component: {fileID: 938712629}
  - component: {fileID: 938712628}
  - component: {fileID: 938712627}
  - component: {fileID: 938712626}
  m_Layer: 0
  m_Name: Cube (10)
  m_TagString: Untagged
  m_Icon: {fileID: 0}
  m_NavMeshLayer: 0
  m_StaticEditorFlags: 0
  m_IsActive: 1
--- !u!4 &938712625
Transform:
  m_ObjectHideFlags: 0
  m_PrefabParentObject: {fileID: 4183508373939230, guid: 04e57e2582e5544e784c3651a31985e6,
    type: 2}
  m_PrefabInternal: {fileID: 0}
  m_GameObject: {fileID: 938712624}
  m_LocalRotation: {x: -0, y: 0.7071068, z: -0, w: 0.7071068}
  m_LocalPosition: {x: 56.98, y: 23.600006, z: 31.43}
  m_LocalScale: {x: 22.000017, y: 1, z: 2.000001}
  m_Children: []
  m_Father: {fileID: 1678849402}
  m_RootOrder: 31
  m_LocalEulerAnglesHint: {x: 0, y: 90, z: 0}
--- !u!114 &938712626
MonoBehaviour:
  m_ObjectHideFlags: 0
  m_PrefabParentObject: {fileID: 0}
  m_PrefabInternal: {fileID: 0}
  m_GameObject: {fileID: 938712624}
  m_Enabled: 1
  m_EditorHideFlags: 0
  m_Script: {fileID: 11500000, guid: 41df52adcb5cc4148bc56aa445e08f90, type: 3}
  m_Name: 
  m_EditorClassIdentifier: 
  explosion: {fileID: 100012, guid: 160925a6fe2664f2a978566b819f0af0, type: 2}
  playerExplosion: {fileID: 100008, guid: 3455fe69f7ddc4604b95bf9b0a1e88d7, type: 2}
--- !u!23 &938712627
MeshRenderer:
  m_ObjectHideFlags: 0
  m_PrefabParentObject: {fileID: 23317240950524180, guid: 04e57e2582e5544e784c3651a31985e6,
    type: 2}
  m_PrefabInternal: {fileID: 0}
  m_GameObject: {fileID: 938712624}
  m_Enabled: 1
  m_CastShadows: 1
  m_ReceiveShadows: 1
  m_MotionVectors: 1
  m_LightProbeUsage: 1
  m_ReflectionProbeUsage: 1
  m_Materials:
  - {fileID: 2100000, guid: d7a01a95aee0a8749acfc9a7255e7699, type: 2}
  m_StaticBatchInfo:
    firstSubMesh: 0
    subMeshCount: 0
  m_StaticBatchRoot: {fileID: 0}
  m_ProbeAnchor: {fileID: 0}
  m_LightProbeVolumeOverride: {fileID: 0}
  m_ScaleInLightmap: 1
  m_PreserveUVs: 1
  m_IgnoreNormalsForChartDetection: 0
  m_ImportantGI: 0
  m_SelectedEditorRenderState: 3
  m_MinimumChartSize: 4
  m_AutoUVMaxDistance: 0.5
  m_AutoUVMaxAngle: 89
  m_LightmapParameters: {fileID: 0}
  m_SortingLayerID: 0
  m_SortingLayer: 0
  m_SortingOrder: 0
--- !u!65 &938712628
BoxCollider:
  m_ObjectHideFlags: 0
  m_PrefabParentObject: {fileID: 65812600202680680, guid: 04e57e2582e5544e784c3651a31985e6,
    type: 2}
  m_PrefabInternal: {fileID: 0}
  m_GameObject: {fileID: 938712624}
  m_Material: {fileID: 0}
  m_IsTrigger: 1
  m_Enabled: 1
  serializedVersion: 2
  m_Size: {x: 1, y: 1, z: 1}
  m_Center: {x: 0, y: 0, z: 0}
--- !u!33 &938712629
MeshFilter:
  m_ObjectHideFlags: 0
  m_PrefabParentObject: {fileID: 33022440360498256, guid: 04e57e2582e5544e784c3651a31985e6,
    type: 2}
  m_PrefabInternal: {fileID: 0}
  m_GameObject: {fileID: 938712624}
  m_Mesh: {fileID: 10202, guid: 0000000000000000e000000000000000, type: 0}
--- !u!1 &964080133 stripped
GameObject:
  m_PrefabParentObject: {fileID: 1860674215368058, guid: 04e57e2582e5544e784c3651a31985e6,
    type: 2}
  m_PrefabInternal: {fileID: 1678849401}
--- !u!114 &964080135
MonoBehaviour:
  m_ObjectHideFlags: 0
  m_PrefabParentObject: {fileID: 0}
  m_PrefabInternal: {fileID: 0}
  m_GameObject: {fileID: 964080133}
  m_Enabled: 1
  m_EditorHideFlags: 0
  m_Script: {fileID: 11500000, guid: 41df52adcb5cc4148bc56aa445e08f90, type: 3}
  m_Name: 
  m_EditorClassIdentifier: 
  explosion: {fileID: 100012, guid: 160925a6fe2664f2a978566b819f0af0, type: 2}
  playerExplosion: {fileID: 100008, guid: 3455fe69f7ddc4604b95bf9b0a1e88d7, type: 2}
--- !u!1 &1011319163 stripped
GameObject:
  m_PrefabParentObject: {fileID: 1494541762356260, guid: 04e57e2582e5544e784c3651a31985e6,
    type: 2}
  m_PrefabInternal: {fileID: 1678849401}
--- !u!114 &1011319165
MonoBehaviour:
  m_ObjectHideFlags: 0
  m_PrefabParentObject: {fileID: 0}
  m_PrefabInternal: {fileID: 0}
  m_GameObject: {fileID: 1011319163}
  m_Enabled: 1
  m_EditorHideFlags: 0
  m_Script: {fileID: 11500000, guid: 41df52adcb5cc4148bc56aa445e08f90, type: 3}
  m_Name: 
  m_EditorClassIdentifier: 
  explosion: {fileID: 100012, guid: 160925a6fe2664f2a978566b819f0af0, type: 2}
  playerExplosion: {fileID: 100008, guid: 3455fe69f7ddc4604b95bf9b0a1e88d7, type: 2}
--- !u!1001 &1016442453
Prefab:
  m_ObjectHideFlags: 0
  serializedVersion: 2
  m_Modification:
    m_TransformParent: {fileID: 0}
    m_Modifications:
    - target: {fileID: 400000, guid: 780611a67e8e941a2b3aa96e5915a793, type: 2}
      propertyPath: m_LocalPosition.x
      value: 22.638367
      objectReference: {fileID: 0}
    - target: {fileID: 400000, guid: 780611a67e8e941a2b3aa96e5915a793, type: 2}
      propertyPath: m_LocalPosition.y
      value: 150.4
      objectReference: {fileID: 0}
    - target: {fileID: 400000, guid: 780611a67e8e941a2b3aa96e5915a793, type: 2}
      propertyPath: m_LocalPosition.z
      value: 5.391084
      objectReference: {fileID: 0}
    - target: {fileID: 400000, guid: 780611a67e8e941a2b3aa96e5915a793, type: 2}
      propertyPath: m_LocalRotation.x
      value: 0
      objectReference: {fileID: 0}
    - target: {fileID: 400000, guid: 780611a67e8e941a2b3aa96e5915a793, type: 2}
      propertyPath: m_LocalRotation.y
      value: 0
      objectReference: {fileID: 0}
    - target: {fileID: 400000, guid: 780611a67e8e941a2b3aa96e5915a793, type: 2}
      propertyPath: m_LocalRotation.z
      value: 0
      objectReference: {fileID: 0}
    - target: {fileID: 400000, guid: 780611a67e8e941a2b3aa96e5915a793, type: 2}
      propertyPath: m_LocalRotation.w
      value: 1
      objectReference: {fileID: 0}
    - target: {fileID: 400000, guid: 780611a67e8e941a2b3aa96e5915a793, type: 2}
      propertyPath: m_RootOrder
      value: 2
      objectReference: {fileID: 0}
    m_RemovedComponents: []
  m_ParentPrefab: {fileID: 100100000, guid: 780611a67e8e941a2b3aa96e5915a793, type: 2}
  m_IsPrefabParent: 0
--- !u!1 &1060774067
GameObject:
  m_ObjectHideFlags: 0
  m_PrefabParentObject: {fileID: 1702571294776070, guid: 04e57e2582e5544e784c3651a31985e6,
    type: 2}
  m_PrefabInternal: {fileID: 0}
  serializedVersion: 5
  m_Component:
  - component: {fileID: 1060774068}
  - component: {fileID: 1060774072}
  - component: {fileID: 1060774071}
  - component: {fileID: 1060774070}
  - component: {fileID: 1060774069}
  m_Layer: 0
  m_Name: Cube (31)
  m_TagString: Untagged
  m_Icon: {fileID: 0}
  m_NavMeshLayer: 0
  m_StaticEditorFlags: 0
  m_IsActive: 1
--- !u!4 &1060774068
Transform:
  m_ObjectHideFlags: 0
  m_PrefabParentObject: {fileID: 4403982475811212, guid: 04e57e2582e5544e784c3651a31985e6,
    type: 2}
  m_PrefabInternal: {fileID: 0}
  m_GameObject: {fileID: 1060774067}
  m_LocalRotation: {x: -0, y: 0.7071068, z: -0, w: 0.7071068}
  m_LocalPosition: {x: 30.2, y: 23.600006, z: 12.42}
  m_LocalScale: {x: 25.000175, y: 1, z: 2.000001}
  m_Children: []
  m_Father: {fileID: 1678849402}
  m_RootOrder: 30
  m_LocalEulerAnglesHint: {x: 0, y: 90, z: 0}
--- !u!114 &1060774069
MonoBehaviour:
  m_ObjectHideFlags: 0
  m_PrefabParentObject: {fileID: 0}
  m_PrefabInternal: {fileID: 0}
  m_GameObject: {fileID: 1060774067}
  m_Enabled: 1
  m_EditorHideFlags: 0
  m_Script: {fileID: 11500000, guid: 41df52adcb5cc4148bc56aa445e08f90, type: 3}
  m_Name: 
  m_EditorClassIdentifier: 
  explosion: {fileID: 100012, guid: 160925a6fe2664f2a978566b819f0af0, type: 2}
  playerExplosion: {fileID: 100008, guid: 3455fe69f7ddc4604b95bf9b0a1e88d7, type: 2}
--- !u!23 &1060774070
MeshRenderer:
  m_ObjectHideFlags: 0
  m_PrefabParentObject: {fileID: 23647189802475470, guid: 04e57e2582e5544e784c3651a31985e6,
    type: 2}
  m_PrefabInternal: {fileID: 0}
  m_GameObject: {fileID: 1060774067}
  m_Enabled: 1
  m_CastShadows: 1
  m_ReceiveShadows: 1
  m_MotionVectors: 1
  m_LightProbeUsage: 1
  m_ReflectionProbeUsage: 1
  m_Materials:
  - {fileID: 2100000, guid: d7a01a95aee0a8749acfc9a7255e7699, type: 2}
  m_StaticBatchInfo:
    firstSubMesh: 0
    subMeshCount: 0
  m_StaticBatchRoot: {fileID: 0}
  m_ProbeAnchor: {fileID: 0}
  m_LightProbeVolumeOverride: {fileID: 0}
  m_ScaleInLightmap: 1
  m_PreserveUVs: 1
  m_IgnoreNormalsForChartDetection: 0
  m_ImportantGI: 0
  m_SelectedEditorRenderState: 3
  m_MinimumChartSize: 4
  m_AutoUVMaxDistance: 0.5
  m_AutoUVMaxAngle: 89
  m_LightmapParameters: {fileID: 0}
  m_SortingLayerID: 0
  m_SortingLayer: 0
  m_SortingOrder: 0
--- !u!65 &1060774071
BoxCollider:
  m_ObjectHideFlags: 0
  m_PrefabParentObject: {fileID: 65028812032165162, guid: 04e57e2582e5544e784c3651a31985e6,
    type: 2}
  m_PrefabInternal: {fileID: 0}
  m_GameObject: {fileID: 1060774067}
  m_Material: {fileID: 0}
  m_IsTrigger: 1
  m_Enabled: 1
  serializedVersion: 2
  m_Size: {x: 1, y: 1, z: 1}
  m_Center: {x: 0, y: 0, z: 0}
--- !u!33 &1060774072
MeshFilter:
  m_ObjectHideFlags: 0
  m_PrefabParentObject: {fileID: 33730624436860460, guid: 04e57e2582e5544e784c3651a31985e6,
    type: 2}
  m_PrefabInternal: {fileID: 0}
  m_GameObject: {fileID: 1060774067}
  m_Mesh: {fileID: 10202, guid: 0000000000000000e000000000000000, type: 0}
--- !u!1 &1114396350
GameObject:
  m_ObjectHideFlags: 0
  m_PrefabParentObject: {fileID: 0}
  m_PrefabInternal: {fileID: 0}
  serializedVersion: 5
  m_Component:
  - component: {fileID: 1114396352}
  - component: {fileID: 1114396351}
  m_Layer: 0
  m_Name: Water4AdvancedReflectionSceneCamera
  m_TagString: Untagged
  m_Icon: {fileID: 0}
  m_NavMeshLayer: 0
  m_StaticEditorFlags: 0
  m_IsActive: 1
--- !u!20 &1114396351
Camera:
  m_ObjectHideFlags: 0
  m_PrefabParentObject: {fileID: 0}
  m_PrefabInternal: {fileID: 0}
  m_GameObject: {fileID: 1114396350}
  m_Enabled: 0
  serializedVersion: 2
  m_ClearFlags: 1
  m_BackGroundColor: {r: 1, g: 1, b: 1, a: 1}
  m_NormalizedViewPortRect:
    serializedVersion: 2
    x: 0
    y: 0
    width: 1
    height: 1
  near clip plane: 0.3
  far clip plane: 1000
  field of view: 60
  orthographic: 0
  orthographic size: 5
  m_Depth: 0
  m_CullingMask:
    serializedVersion: 2
    m_Bits: 4294967279
  m_RenderingPath: 1
  m_TargetTexture: {fileID: 0}
  m_TargetDisplay: 0
  m_TargetEye: 3
  m_HDR: 1
  m_AllowMSAA: 1
  m_ForceIntoRT: 0
  m_OcclusionCulling: 1
  m_StereoConvergence: 10
  m_StereoSeparation: 0.022
  m_StereoMirrorMode: 0
--- !u!4 &1114396352
Transform:
  m_ObjectHideFlags: 0
  m_PrefabParentObject: {fileID: 0}
  m_PrefabInternal: {fileID: 0}
  m_GameObject: {fileID: 1114396350}
  m_LocalRotation: {x: -0.431598, y: 0.33835855, z: 0.17877369, w: 0.81687003}
  m_LocalPosition: {x: -60, y: 26.940033, z: -60}
  m_LocalScale: {x: 1, y: 1, z: 1}
  m_Children: []
  m_Father: {fileID: 0}
  m_RootOrder: 9
  m_LocalEulerAnglesHint: {x: 0, y: 0, z: 0}
--- !u!114 &1140764739 stripped
MonoBehaviour:
  m_PrefabParentObject: {fileID: 114553619419744638, guid: 884df4e5dbb33400681047d4d001a08b,
    type: 2}
  m_PrefabInternal: {fileID: 1782184666}
  m_Script: {fileID: 1453722849, guid: 89f0137620f6af44b9ba852b4190e64e, type: 3}
--- !u!1 &1221998729 stripped
GameObject:
  m_PrefabParentObject: {fileID: 1624901350453056, guid: 04e57e2582e5544e784c3651a31985e6,
    type: 2}
  m_PrefabInternal: {fileID: 1678849401}
--- !u!114 &1221998731
MonoBehaviour:
  m_ObjectHideFlags: 0
  m_PrefabParentObject: {fileID: 0}
  m_PrefabInternal: {fileID: 0}
  m_GameObject: {fileID: 1221998729}
  m_Enabled: 1
  m_EditorHideFlags: 0
  m_Script: {fileID: 11500000, guid: 41df52adcb5cc4148bc56aa445e08f90, type: 3}
  m_Name: 
  m_EditorClassIdentifier: 
  explosion: {fileID: 100012, guid: 160925a6fe2664f2a978566b819f0af0, type: 2}
  playerExplosion: {fileID: 100008, guid: 3455fe69f7ddc4604b95bf9b0a1e88d7, type: 2}
--- !u!1 &1259387694 stripped
GameObject:
  m_PrefabParentObject: {fileID: 1312322036106224, guid: 04e57e2582e5544e784c3651a31985e6,
    type: 2}
  m_PrefabInternal: {fileID: 1678849401}
--- !u!114 &1259387696
MonoBehaviour:
  m_ObjectHideFlags: 0
  m_PrefabParentObject: {fileID: 0}
  m_PrefabInternal: {fileID: 0}
  m_GameObject: {fileID: 1259387694}
  m_Enabled: 1
  m_EditorHideFlags: 0
  m_Script: {fileID: 11500000, guid: 41df52adcb5cc4148bc56aa445e08f90, type: 3}
  m_Name: 
  m_EditorClassIdentifier: 
  explosion: {fileID: 100012, guid: 160925a6fe2664f2a978566b819f0af0, type: 2}
  playerExplosion: {fileID: 100008, guid: 3455fe69f7ddc4604b95bf9b0a1e88d7, type: 2}
--- !u!1 &1312978121 stripped
GameObject:
  m_PrefabParentObject: {fileID: 1032915856737760, guid: 04e57e2582e5544e784c3651a31985e6,
    type: 2}
  m_PrefabInternal: {fileID: 1678849401}
--- !u!114 &1312978123
MonoBehaviour:
  m_ObjectHideFlags: 0
  m_PrefabParentObject: {fileID: 0}
  m_PrefabInternal: {fileID: 0}
  m_GameObject: {fileID: 1312978121}
  m_Enabled: 1
  m_EditorHideFlags: 0
  m_Script: {fileID: 11500000, guid: 41df52adcb5cc4148bc56aa445e08f90, type: 3}
  m_Name: 
  m_EditorClassIdentifier: 
  explosion: {fileID: 100012, guid: 160925a6fe2664f2a978566b819f0af0, type: 2}
  playerExplosion: {fileID: 100008, guid: 3455fe69f7ddc4604b95bf9b0a1e88d7, type: 2}
--- !u!1 &1393459398 stripped
GameObject:
  m_PrefabParentObject: {fileID: 1035259127002672, guid: 04e57e2582e5544e784c3651a31985e6,
    type: 2}
  m_PrefabInternal: {fileID: 1678849401}
--- !u!114 &1393459400
MonoBehaviour:
  m_ObjectHideFlags: 0
  m_PrefabParentObject: {fileID: 0}
  m_PrefabInternal: {fileID: 0}
  m_GameObject: {fileID: 1393459398}
  m_Enabled: 1
  m_EditorHideFlags: 0
  m_Script: {fileID: 11500000, guid: 41df52adcb5cc4148bc56aa445e08f90, type: 3}
  m_Name: 
  m_EditorClassIdentifier: 
  explosion: {fileID: 100012, guid: 160925a6fe2664f2a978566b819f0af0, type: 2}
  playerExplosion: {fileID: 100008, guid: 3455fe69f7ddc4604b95bf9b0a1e88d7, type: 2}
--- !u!1 &1419906423 stripped
GameObject:
  m_PrefabParentObject: {fileID: 1149150904725924, guid: 04e57e2582e5544e784c3651a31985e6,
    type: 2}
  m_PrefabInternal: {fileID: 1678849401}
--- !u!114 &1419906425
MonoBehaviour:
  m_ObjectHideFlags: 0
  m_PrefabParentObject: {fileID: 0}
  m_PrefabInternal: {fileID: 0}
  m_GameObject: {fileID: 1419906423}
  m_Enabled: 1
  m_EditorHideFlags: 0
  m_Script: {fileID: 11500000, guid: 41df52adcb5cc4148bc56aa445e08f90, type: 3}
  m_Name: 
  m_EditorClassIdentifier: 
  explosion: {fileID: 100012, guid: 160925a6fe2664f2a978566b819f0af0, type: 2}
  playerExplosion: {fileID: 100008, guid: 3455fe69f7ddc4604b95bf9b0a1e88d7, type: 2}
--- !u!1 &1424888520 stripped
GameObject:
  m_PrefabParentObject: {fileID: 1492472178685758, guid: 04e57e2582e5544e784c3651a31985e6,
    type: 2}
  m_PrefabInternal: {fileID: 1678849401}
--- !u!114 &1424888522
MonoBehaviour:
  m_ObjectHideFlags: 0
  m_PrefabParentObject: {fileID: 0}
  m_PrefabInternal: {fileID: 0}
  m_GameObject: {fileID: 1424888520}
  m_Enabled: 1
  m_EditorHideFlags: 0
  m_Script: {fileID: 11500000, guid: 41df52adcb5cc4148bc56aa445e08f90, type: 3}
  m_Name: 
  m_EditorClassIdentifier: 
  explosion: {fileID: 100012, guid: 160925a6fe2664f2a978566b819f0af0, type: 2}
  playerExplosion: {fileID: 100008, guid: 3455fe69f7ddc4604b95bf9b0a1e88d7, type: 2}
--- !u!1 &1488198674 stripped
GameObject:
  m_PrefabParentObject: {fileID: 1574599975246754, guid: 04e57e2582e5544e784c3651a31985e6,
    type: 2}
  m_PrefabInternal: {fileID: 1678849401}
--- !u!114 &1488198676
MonoBehaviour:
  m_ObjectHideFlags: 0
  m_PrefabParentObject: {fileID: 0}
  m_PrefabInternal: {fileID: 0}
  m_GameObject: {fileID: 1488198674}
  m_Enabled: 1
  m_EditorHideFlags: 0
  m_Script: {fileID: 11500000, guid: 41df52adcb5cc4148bc56aa445e08f90, type: 3}
  m_Name: 
  m_EditorClassIdentifier: 
  explosion: {fileID: 100012, guid: 160925a6fe2664f2a978566b819f0af0, type: 2}
  playerExplosion: {fileID: 100008, guid: 3455fe69f7ddc4604b95bf9b0a1e88d7, type: 2}
--- !u!1 &1500803725
GameObject:
  m_ObjectHideFlags: 0
  m_PrefabParentObject: {fileID: 0}
  m_PrefabInternal: {fileID: 0}
  serializedVersion: 5
  m_Component:
  - component: {fileID: 1500803730}
  - component: {fileID: 1500803729}
  - component: {fileID: 1500803728}
  - component: {fileID: 1500803727}
  - component: {fileID: 1500803726}
  m_Layer: 0
  m_Name: Main Camera
  m_TagString: MainCamera
  m_Icon: {fileID: 0}
  m_NavMeshLayer: 0
  m_StaticEditorFlags: 0
  m_IsActive: 1
--- !u!81 &1500803726
AudioListener:
  m_ObjectHideFlags: 0
  m_PrefabParentObject: {fileID: 0}
  m_PrefabInternal: {fileID: 0}
  m_GameObject: {fileID: 1500803725}
  m_Enabled: 1
--- !u!124 &1500803727
Behaviour:
  m_ObjectHideFlags: 0
  m_PrefabParentObject: {fileID: 0}
  m_PrefabInternal: {fileID: 0}
  m_GameObject: {fileID: 1500803725}
  m_Enabled: 1
--- !u!92 &1500803728
Behaviour:
  m_ObjectHideFlags: 0
  m_PrefabParentObject: {fileID: 0}
  m_PrefabInternal: {fileID: 0}
  m_GameObject: {fileID: 1500803725}
  m_Enabled: 1
--- !u!20 &1500803729
Camera:
  m_ObjectHideFlags: 0
  m_PrefabParentObject: {fileID: 0}
  m_PrefabInternal: {fileID: 0}
  m_GameObject: {fileID: 1500803725}
  m_Enabled: 1
  serializedVersion: 2
  m_ClearFlags: 1
  m_BackGroundColor: {r: 0.19215687, g: 0.3019608, b: 0.4745098, a: 0}
  m_NormalizedViewPortRect:
    serializedVersion: 2
    x: 0
    y: 0
    width: 1
    height: 1
  near clip plane: 0.3
  far clip plane: 1000
  field of view: 60
  orthographic: 0
  orthographic size: 5
  m_Depth: -1
  m_CullingMask:
    serializedVersion: 2
    m_Bits: 4294967295
  m_RenderingPath: -1
  m_TargetTexture: {fileID: 0}
  m_TargetDisplay: 0
  m_TargetEye: 3
  m_HDR: 1
  m_AllowMSAA: 1
  m_ForceIntoRT: 0
  m_OcclusionCulling: 1
  m_StereoConvergence: 10
  m_StereoSeparation: 0.022
  m_StereoMirrorMode: 0
--- !u!4 &1500803730
Transform:
  m_ObjectHideFlags: 0
  m_PrefabParentObject: {fileID: 0}
  m_PrefabInternal: {fileID: 0}
  m_GameObject: {fileID: 1500803725}
  m_LocalRotation: {x: 0.43159798, y: 0.3383586, z: -0.17877375, w: 0.81687003}
  m_LocalPosition: {x: -60, y: 243, z: -60}
  m_LocalScale: {x: 1, y: 1, z: 1}
  m_Children: []
  m_Father: {fileID: 0}
  m_RootOrder: 0
  m_LocalEulerAnglesHint: {x: 55.7, y: 45, z: 0}
--- !u!1 &1509076654 stripped
GameObject:
  m_PrefabParentObject: {fileID: 1183250955222036, guid: 04e57e2582e5544e784c3651a31985e6,
    type: 2}
  m_PrefabInternal: {fileID: 1678849401}
--- !u!114 &1509076656
MonoBehaviour:
  m_ObjectHideFlags: 0
  m_PrefabParentObject: {fileID: 0}
  m_PrefabInternal: {fileID: 0}
  m_GameObject: {fileID: 1509076654}
  m_Enabled: 1
  m_EditorHideFlags: 0
  m_Script: {fileID: 11500000, guid: 41df52adcb5cc4148bc56aa445e08f90, type: 3}
  m_Name: 
  m_EditorClassIdentifier: 
  explosion: {fileID: 100012, guid: 160925a6fe2664f2a978566b819f0af0, type: 2}
  playerExplosion: {fileID: 100008, guid: 3455fe69f7ddc4604b95bf9b0a1e88d7, type: 2}
--- !u!1001 &1515426801
Prefab:
  m_ObjectHideFlags: 0
  serializedVersion: 2
  m_Modification:
    m_TransformParent: {fileID: 0}
    m_Modifications:
    - target: {fileID: 4615912431684426, guid: 07fd3eb31a0324184a9d733411268c15, type: 2}
      propertyPath: m_LocalPosition.x
      value: -53.57396
      objectReference: {fileID: 0}
    - target: {fileID: 4615912431684426, guid: 07fd3eb31a0324184a9d733411268c15, type: 2}
      propertyPath: m_LocalPosition.y
      value: 106.51994
      objectReference: {fileID: 0}
    - target: {fileID: 4615912431684426, guid: 07fd3eb31a0324184a9d733411268c15, type: 2}
      propertyPath: m_LocalPosition.z
      value: -102.16029
      objectReference: {fileID: 0}
    - target: {fileID: 4615912431684426, guid: 07fd3eb31a0324184a9d733411268c15, type: 2}
      propertyPath: m_LocalRotation.x
      value: 0
      objectReference: {fileID: 0}
    - target: {fileID: 4615912431684426, guid: 07fd3eb31a0324184a9d733411268c15, type: 2}
      propertyPath: m_LocalRotation.y
      value: 0
      objectReference: {fileID: 0}
    - target: {fileID: 4615912431684426, guid: 07fd3eb31a0324184a9d733411268c15, type: 2}
      propertyPath: m_LocalRotation.z
      value: 0
      objectReference: {fileID: 0}
    - target: {fileID: 4615912431684426, guid: 07fd3eb31a0324184a9d733411268c15, type: 2}
      propertyPath: m_LocalRotation.w
      value: 1
      objectReference: {fileID: 0}
    - target: {fileID: 4615912431684426, guid: 07fd3eb31a0324184a9d733411268c15, type: 2}
      propertyPath: m_RootOrder
      value: 11
      objectReference: {fileID: 0}
    - target: {fileID: 82591904456545686, guid: 07fd3eb31a0324184a9d733411268c15,
        type: 2}
      propertyPath: m_audioClip
      value: 
      objectReference: {fileID: 8300000, guid: 9f4fa17ccceef479f8eb1010ca300d20, type: 3}
    m_RemovedComponents: []
  m_ParentPrefab: {fileID: 100100000, guid: 07fd3eb31a0324184a9d733411268c15, type: 2}
  m_IsPrefabParent: 0
--- !u!1 &1549793054 stripped
GameObject:
  m_PrefabParentObject: {fileID: 1918260568082544, guid: 04e57e2582e5544e784c3651a31985e6,
    type: 2}
  m_PrefabInternal: {fileID: 1678849401}
--- !u!114 &1549793056
MonoBehaviour:
  m_ObjectHideFlags: 0
  m_PrefabParentObject: {fileID: 0}
  m_PrefabInternal: {fileID: 0}
  m_GameObject: {fileID: 1549793054}
  m_Enabled: 1
  m_EditorHideFlags: 0
  m_Script: {fileID: 11500000, guid: 41df52adcb5cc4148bc56aa445e08f90, type: 3}
  m_Name: 
  m_EditorClassIdentifier: 
  explosion: {fileID: 100012, guid: 160925a6fe2664f2a978566b819f0af0, type: 2}
  playerExplosion: {fileID: 100008, guid: 3455fe69f7ddc4604b95bf9b0a1e88d7, type: 2}
--- !u!1 &1553125919
GameObject:
  m_ObjectHideFlags: 0
  m_PrefabParentObject: {fileID: 0}
  m_PrefabInternal: {fileID: 0}
  serializedVersion: 5
  m_Component:
  - component: {fileID: 1553125921}
  - component: {fileID: 1553125920}
  m_Layer: 0
  m_Name: Water4AdvancedReflectionMain Camera
  m_TagString: Untagged
  m_Icon: {fileID: 0}
  m_NavMeshLayer: 0
  m_StaticEditorFlags: 0
  m_IsActive: 1
--- !u!20 &1553125920
Camera:
  m_ObjectHideFlags: 0
  m_PrefabParentObject: {fileID: 0}
  m_PrefabInternal: {fileID: 0}
  m_GameObject: {fileID: 1553125919}
  m_Enabled: 0
  serializedVersion: 2
  m_ClearFlags: 1
  m_BackGroundColor: {r: 1, g: 1, b: 1, a: 1}
  m_NormalizedViewPortRect:
    serializedVersion: 2
    x: 0
    y: 0
    width: 1
    height: 1
  near clip plane: 0.3
  far clip plane: 1000
  field of view: 60
  orthographic: 0
  orthographic size: 5
  m_Depth: 0
  m_CullingMask:
    serializedVersion: 2
    m_Bits: 4294967279
  m_RenderingPath: 1
  m_TargetTexture: {fileID: 0}
  m_TargetDisplay: 0
  m_TargetEye: 3
  m_HDR: 1
  m_AllowMSAA: 1
  m_ForceIntoRT: 0
  m_OcclusionCulling: 1
  m_StereoConvergence: 10
  m_StereoSeparation: 0.022
  m_StereoMirrorMode: 0
--- !u!4 &1553125921
Transform:
  m_ObjectHideFlags: 0
  m_PrefabParentObject: {fileID: 0}
  m_PrefabInternal: {fileID: 0}
  m_GameObject: {fileID: 1553125919}
  m_LocalRotation: {x: 0.09317972, y: 0.004481515, z: 0.00041791456, w: -0.99563915}
  m_LocalPosition: {x: -459.37637, y: 303.9741, z: -1581.8394}
  m_LocalScale: {x: 1, y: 1, z: 1}
  m_Children: []
  m_Father: {fileID: 0}
  m_RootOrder: 7
  m_LocalEulerAnglesHint: {x: 0, y: 0, z: 0}
--- !u!1 &1556732680 stripped
GameObject:
  m_PrefabParentObject: {fileID: 1432705978571466, guid: 04e57e2582e5544e784c3651a31985e6,
    type: 2}
  m_PrefabInternal: {fileID: 1678849401}
--- !u!114 &1556732682
MonoBehaviour:
  m_ObjectHideFlags: 0
  m_PrefabParentObject: {fileID: 0}
  m_PrefabInternal: {fileID: 0}
  m_GameObject: {fileID: 1556732680}
  m_Enabled: 1
  m_EditorHideFlags: 0
  m_Script: {fileID: 11500000, guid: 41df52adcb5cc4148bc56aa445e08f90, type: 3}
  m_Name: 
  m_EditorClassIdentifier: 
  explosion: {fileID: 100012, guid: 160925a6fe2664f2a978566b819f0af0, type: 2}
  playerExplosion: {fileID: 100008, guid: 3455fe69f7ddc4604b95bf9b0a1e88d7, type: 2}
--- !u!1 &1608840760 stripped
GameObject:
  m_PrefabParentObject: {fileID: 1392690851254904, guid: 04e57e2582e5544e784c3651a31985e6,
    type: 2}
  m_PrefabInternal: {fileID: 1678849401}
--- !u!114 &1608840762
MonoBehaviour:
  m_ObjectHideFlags: 0
  m_PrefabParentObject: {fileID: 0}
  m_PrefabInternal: {fileID: 0}
  m_GameObject: {fileID: 1608840760}
  m_Enabled: 1
  m_EditorHideFlags: 0
  m_Script: {fileID: 11500000, guid: 41df52adcb5cc4148bc56aa445e08f90, type: 3}
  m_Name: 
  m_EditorClassIdentifier: 
  explosion: {fileID: 100012, guid: 160925a6fe2664f2a978566b819f0af0, type: 2}
  playerExplosion: {fileID: 100008, guid: 3455fe69f7ddc4604b95bf9b0a1e88d7, type: 2}
--- !u!1 &1625567116 stripped
GameObject:
  m_PrefabParentObject: {fileID: 1702571294776070, guid: 04e57e2582e5544e784c3651a31985e6,
    type: 2}
  m_PrefabInternal: {fileID: 1678849401}
--- !u!114 &1625567118
MonoBehaviour:
  m_ObjectHideFlags: 0
  m_PrefabParentObject: {fileID: 0}
  m_PrefabInternal: {fileID: 0}
  m_GameObject: {fileID: 1625567116}
  m_Enabled: 1
  m_EditorHideFlags: 0
  m_Script: {fileID: 11500000, guid: 41df52adcb5cc4148bc56aa445e08f90, type: 3}
  m_Name: 
  m_EditorClassIdentifier: 
  explosion: {fileID: 100012, guid: 160925a6fe2664f2a978566b819f0af0, type: 2}
  playerExplosion: {fileID: 100008, guid: 3455fe69f7ddc4604b95bf9b0a1e88d7, type: 2}
--- !u!1 &1655331944 stripped
GameObject:
  m_PrefabParentObject: {fileID: 1145730510629480, guid: 04e57e2582e5544e784c3651a31985e6,
    type: 2}
  m_PrefabInternal: {fileID: 1678849401}
--- !u!114 &1655331946
MonoBehaviour:
  m_ObjectHideFlags: 0
  m_PrefabParentObject: {fileID: 0}
  m_PrefabInternal: {fileID: 0}
  m_GameObject: {fileID: 1655331944}
  m_Enabled: 1
  m_EditorHideFlags: 0
  m_Script: {fileID: 11500000, guid: 41df52adcb5cc4148bc56aa445e08f90, type: 3}
  m_Name: 
  m_EditorClassIdentifier: 
  explosion: {fileID: 100012, guid: 160925a6fe2664f2a978566b819f0af0, type: 2}
  playerExplosion: {fileID: 100008, guid: 3455fe69f7ddc4604b95bf9b0a1e88d7, type: 2}
--- !u!1 &1658617896
GameObject:
  m_ObjectHideFlags: 0
  m_PrefabParentObject: {fileID: 0}
  m_PrefabInternal: {fileID: 0}
  serializedVersion: 5
  m_Component:
  - component: {fileID: 1658617898}
  - component: {fileID: 1658617897}
  m_Layer: 0
  m_Name: Directional Light
  m_TagString: Untagged
  m_Icon: {fileID: 0}
  m_NavMeshLayer: 0
  m_StaticEditorFlags: 0
  m_IsActive: 1
--- !u!108 &1658617897
Light:
  m_ObjectHideFlags: 0
  m_PrefabParentObject: {fileID: 0}
  m_PrefabInternal: {fileID: 0}
  m_GameObject: {fileID: 1658617896}
  m_Enabled: 1
  serializedVersion: 8
  m_Type: 1
  m_Color: {r: 1, g: 0.95686275, b: 0.8392157, a: 1}
  m_Intensity: 1
  m_Range: 10
  m_SpotAngle: 30
  m_CookieSize: 10
  m_Shadows:
    m_Type: 2
    m_Resolution: -1
    m_CustomResolution: -1
    m_Strength: 1
    m_Bias: 0.05
    m_NormalBias: 0.4
    m_NearPlane: 0.2
  m_Cookie: {fileID: 0}
  m_DrawHalo: 0
  m_Flare: {fileID: 0}
  m_RenderMode: 0
  m_CullingMask:
    serializedVersion: 2
    m_Bits: 4294967295
  m_Lightmapping: 4
  m_AreaSize: {x: 1, y: 1}
  m_BounceIntensity: 1
  m_FalloffTable:
    m_Table[0]: 0
    m_Table[1]: 0
    m_Table[2]: 0
    m_Table[3]: 0
    m_Table[4]: 0
    m_Table[5]: 0
    m_Table[6]: 0
    m_Table[7]: 0
    m_Table[8]: 0
    m_Table[9]: 0
    m_Table[10]: 0
    m_Table[11]: 0
    m_Table[12]: 0
  m_ColorTemperature: 6570
  m_UseColorTemperature: 0
  m_ShadowRadius: 0
  m_ShadowAngle: 0
--- !u!4 &1658617898
Transform:
  m_ObjectHideFlags: 0
  m_PrefabParentObject: {fileID: 0}
  m_PrefabInternal: {fileID: 0}
  m_GameObject: {fileID: 1658617896}
  m_LocalRotation: {x: 0.40821788, y: -0.23456968, z: 0.10938163, w: 0.8754261}
  m_LocalPosition: {x: 0, y: 3, z: 0}
  m_LocalScale: {x: 1, y: 1, z: 1}
  m_Children: []
  m_Father: {fileID: 0}
  m_RootOrder: 3
  m_LocalEulerAnglesHint: {x: 50, y: -30, z: 0}
--- !u!1 &1669100774
GameObject:
  m_ObjectHideFlags: 0
  m_PrefabParentObject: {fileID: 1702571294776070, guid: 04e57e2582e5544e784c3651a31985e6,
    type: 2}
  m_PrefabInternal: {fileID: 0}
  serializedVersion: 5
  m_Component:
  - component: {fileID: 1669100775}
  - component: {fileID: 1669100779}
  - component: {fileID: 1669100778}
  - component: {fileID: 1669100777}
  - component: {fileID: 1669100776}
  m_Layer: 0
  m_Name: Cube (29)
  m_TagString: Untagged
  m_Icon: {fileID: 0}
  m_NavMeshLayer: 0
  m_StaticEditorFlags: 0
  m_IsActive: 1
--- !u!4 &1669100775
Transform:
  m_ObjectHideFlags: 0
  m_PrefabParentObject: {fileID: 4403982475811212, guid: 04e57e2582e5544e784c3651a31985e6,
    type: 2}
  m_PrefabInternal: {fileID: 0}
  m_GameObject: {fileID: 1669100774}
  m_LocalRotation: {x: -0, y: 0.7071068, z: -0, w: 0.7071068}
  m_LocalPosition: {x: 30.2, y: 23.600006, z: 53.1}
  m_LocalScale: {x: 25.000135, y: 1, z: 2.000001}
  m_Children: []
  m_Father: {fileID: 1678849402}
  m_RootOrder: 28
  m_LocalEulerAnglesHint: {x: 0, y: 90, z: 0}
--- !u!114 &1669100776
MonoBehaviour:
  m_ObjectHideFlags: 0
  m_PrefabParentObject: {fileID: 0}
  m_PrefabInternal: {fileID: 0}
  m_GameObject: {fileID: 1669100774}
  m_Enabled: 1
  m_EditorHideFlags: 0
  m_Script: {fileID: 11500000, guid: 41df52adcb5cc4148bc56aa445e08f90, type: 3}
  m_Name: 
  m_EditorClassIdentifier: 
  explosion: {fileID: 100012, guid: 160925a6fe2664f2a978566b819f0af0, type: 2}
  playerExplosion: {fileID: 100008, guid: 3455fe69f7ddc4604b95bf9b0a1e88d7, type: 2}
--- !u!23 &1669100777
MeshRenderer:
  m_ObjectHideFlags: 0
  m_PrefabParentObject: {fileID: 23647189802475470, guid: 04e57e2582e5544e784c3651a31985e6,
    type: 2}
  m_PrefabInternal: {fileID: 0}
  m_GameObject: {fileID: 1669100774}
  m_Enabled: 1
  m_CastShadows: 1
  m_ReceiveShadows: 1
  m_MotionVectors: 1
  m_LightProbeUsage: 1
  m_ReflectionProbeUsage: 1
  m_Materials:
  - {fileID: 2100000, guid: d7a01a95aee0a8749acfc9a7255e7699, type: 2}
  m_StaticBatchInfo:
    firstSubMesh: 0
    subMeshCount: 0
  m_StaticBatchRoot: {fileID: 0}
  m_ProbeAnchor: {fileID: 0}
  m_LightProbeVolumeOverride: {fileID: 0}
  m_ScaleInLightmap: 1
  m_PreserveUVs: 1
  m_IgnoreNormalsForChartDetection: 0
  m_ImportantGI: 0
  m_SelectedEditorRenderState: 3
  m_MinimumChartSize: 4
  m_AutoUVMaxDistance: 0.5
  m_AutoUVMaxAngle: 89
  m_LightmapParameters: {fileID: 0}
  m_SortingLayerID: 0
  m_SortingLayer: 0
  m_SortingOrder: 0
--- !u!65 &1669100778
BoxCollider:
  m_ObjectHideFlags: 0
  m_PrefabParentObject: {fileID: 65028812032165162, guid: 04e57e2582e5544e784c3651a31985e6,
    type: 2}
  m_PrefabInternal: {fileID: 0}
  m_GameObject: {fileID: 1669100774}
  m_Material: {fileID: 0}
  m_IsTrigger: 1
  m_Enabled: 1
  serializedVersion: 2
  m_Size: {x: 1, y: 1, z: 1}
  m_Center: {x: 0, y: 0, z: 0}
--- !u!33 &1669100779
MeshFilter:
  m_ObjectHideFlags: 0
  m_PrefabParentObject: {fileID: 33730624436860460, guid: 04e57e2582e5544e784c3651a31985e6,
    type: 2}
  m_PrefabInternal: {fileID: 0}
  m_GameObject: {fileID: 1669100774}
  m_Mesh: {fileID: 10202, guid: 0000000000000000e000000000000000, type: 0}
--- !u!1001 &1678849401
Prefab:
  m_ObjectHideFlags: 0
  serializedVersion: 2
  m_Modification:
    m_TransformParent: {fileID: 0}
    m_Modifications:
    - target: {fileID: 4393544176183292, guid: 04e57e2582e5544e784c3651a31985e6, type: 2}
      propertyPath: m_LocalPosition.x
      value: -40.953606
      objectReference: {fileID: 0}
    - target: {fileID: 4393544176183292, guid: 04e57e2582e5544e784c3651a31985e6, type: 2}
      propertyPath: m_LocalPosition.y
      value: 126.318756
      objectReference: {fileID: 0}
    - target: {fileID: 4393544176183292, guid: 04e57e2582e5544e784c3651a31985e6, type: 2}
      propertyPath: m_LocalPosition.z
      value: -48.846863
      objectReference: {fileID: 0}
    - target: {fileID: 4393544176183292, guid: 04e57e2582e5544e784c3651a31985e6, type: 2}
      propertyPath: m_LocalRotation.x
      value: 0
      objectReference: {fileID: 0}
    - target: {fileID: 4393544176183292, guid: 04e57e2582e5544e784c3651a31985e6, type: 2}
      propertyPath: m_LocalRotation.y
      value: 0
      objectReference: {fileID: 0}
    - target: {fileID: 4393544176183292, guid: 04e57e2582e5544e784c3651a31985e6, type: 2}
      propertyPath: m_LocalRotation.z
      value: 0
      objectReference: {fileID: 0}
    - target: {fileID: 4393544176183292, guid: 04e57e2582e5544e784c3651a31985e6, type: 2}
      propertyPath: m_LocalRotation.w
      value: 1
      objectReference: {fileID: 0}
    - target: {fileID: 4393544176183292, guid: 04e57e2582e5544e784c3651a31985e6, type: 2}
      propertyPath: m_RootOrder
      value: 5
      objectReference: {fileID: 0}
    - target: {fileID: 4644045198240800, guid: 04e57e2582e5544e784c3651a31985e6, type: 2}
      propertyPath: m_LocalPosition.z
      value: 16.2
      objectReference: {fileID: 0}
    - target: {fileID: 23090892610925832, guid: 04e57e2582e5544e784c3651a31985e6,
        type: 2}
      propertyPath: m_Materials.Array.data[0]
      value: 
      objectReference: {fileID: 2100000, guid: d7a01a95aee0a8749acfc9a7255e7699, type: 2}
    - target: {fileID: 23835534559123068, guid: 04e57e2582e5544e784c3651a31985e6,
        type: 2}
      propertyPath: m_Materials.Array.data[0]
      value: 
      objectReference: {fileID: 2100000, guid: d7a01a95aee0a8749acfc9a7255e7699, type: 2}
    - target: {fileID: 23793836920342972, guid: 04e57e2582e5544e784c3651a31985e6,
        type: 2}
      propertyPath: m_Materials.Array.data[0]
      value: 
      objectReference: {fileID: 2100000, guid: d7a01a95aee0a8749acfc9a7255e7699, type: 2}
    - target: {fileID: 23448856941666796, guid: 04e57e2582e5544e784c3651a31985e6,
        type: 2}
      propertyPath: m_Materials.Array.data[0]
      value: 
      objectReference: {fileID: 2100000, guid: d7a01a95aee0a8749acfc9a7255e7699, type: 2}
    - target: {fileID: 23508178166767932, guid: 04e57e2582e5544e784c3651a31985e6,
        type: 2}
      propertyPath: m_Materials.Array.data[0]
      value: 
      objectReference: {fileID: 2100000, guid: d7a01a95aee0a8749acfc9a7255e7699, type: 2}
    - target: {fileID: 23647189802475470, guid: 04e57e2582e5544e784c3651a31985e6,
        type: 2}
      propertyPath: m_Materials.Array.data[0]
      value: 
      objectReference: {fileID: 2100000, guid: d7a01a95aee0a8749acfc9a7255e7699, type: 2}
    - target: {fileID: 23840204131326624, guid: 04e57e2582e5544e784c3651a31985e6,
        type: 2}
      propertyPath: m_Materials.Array.data[0]
      value: 
      objectReference: {fileID: 2100000, guid: d7a01a95aee0a8749acfc9a7255e7699, type: 2}
    - target: {fileID: 23218145598245712, guid: 04e57e2582e5544e784c3651a31985e6,
        type: 2}
      propertyPath: m_Materials.Array.data[0]
      value: 
      objectReference: {fileID: 2100000, guid: d7a01a95aee0a8749acfc9a7255e7699, type: 2}
    - target: {fileID: 23172511049530904, guid: 04e57e2582e5544e784c3651a31985e6,
        type: 2}
      propertyPath: m_Materials.Array.data[0]
      value: 
      objectReference: {fileID: 2100000, guid: d7a01a95aee0a8749acfc9a7255e7699, type: 2}
    - target: {fileID: 23529494978782650, guid: 04e57e2582e5544e784c3651a31985e6,
        type: 2}
      propertyPath: m_Materials.Array.data[0]
      value: 
      objectReference: {fileID: 2100000, guid: d7a01a95aee0a8749acfc9a7255e7699, type: 2}
    - target: {fileID: 23214056199476194, guid: 04e57e2582e5544e784c3651a31985e6,
        type: 2}
      propertyPath: m_Materials.Array.data[0]
      value: 
      objectReference: {fileID: 2100000, guid: d7a01a95aee0a8749acfc9a7255e7699, type: 2}
    - target: {fileID: 23201656185156608, guid: 04e57e2582e5544e784c3651a31985e6,
        type: 2}
      propertyPath: m_Materials.Array.data[0]
      value: 
      objectReference: {fileID: 2100000, guid: d7a01a95aee0a8749acfc9a7255e7699, type: 2}
    - target: {fileID: 23227674943775006, guid: 04e57e2582e5544e784c3651a31985e6,
        type: 2}
      propertyPath: m_Materials.Array.data[0]
      value: 
      objectReference: {fileID: 2100000, guid: d7a01a95aee0a8749acfc9a7255e7699, type: 2}
    - target: {fileID: 23312668700729632, guid: 04e57e2582e5544e784c3651a31985e6,
        type: 2}
      propertyPath: m_Materials.Array.data[0]
      value: 
      objectReference: {fileID: 2100000, guid: d7a01a95aee0a8749acfc9a7255e7699, type: 2}
    - target: {fileID: 23187342192544722, guid: 04e57e2582e5544e784c3651a31985e6,
        type: 2}
      propertyPath: m_Materials.Array.data[0]
      value: 
      objectReference: {fileID: 2100000, guid: d7a01a95aee0a8749acfc9a7255e7699, type: 2}
    - target: {fileID: 23663553746023378, guid: 04e57e2582e5544e784c3651a31985e6,
        type: 2}
      propertyPath: m_Materials.Array.data[0]
      value: 
      objectReference: {fileID: 2100000, guid: d7a01a95aee0a8749acfc9a7255e7699, type: 2}
    - target: {fileID: 23899404997767124, guid: 04e57e2582e5544e784c3651a31985e6,
        type: 2}
      propertyPath: m_Materials.Array.data[0]
      value: 
      objectReference: {fileID: 2100000, guid: d7a01a95aee0a8749acfc9a7255e7699, type: 2}
    - target: {fileID: 23835257213375524, guid: 04e57e2582e5544e784c3651a31985e6,
        type: 2}
      propertyPath: m_Materials.Array.data[0]
      value: 
      objectReference: {fileID: 2100000, guid: d7a01a95aee0a8749acfc9a7255e7699, type: 2}
    - target: {fileID: 23304995073935606, guid: 04e57e2582e5544e784c3651a31985e6,
        type: 2}
      propertyPath: m_Materials.Array.data[0]
      value: 
      objectReference: {fileID: 2100000, guid: d7a01a95aee0a8749acfc9a7255e7699, type: 2}
    - target: {fileID: 23317240950524180, guid: 04e57e2582e5544e784c3651a31985e6,
        type: 2}
      propertyPath: m_Materials.Array.data[0]
      value: 
      objectReference: {fileID: 2100000, guid: d7a01a95aee0a8749acfc9a7255e7699, type: 2}
    - target: {fileID: 23694868186359504, guid: 04e57e2582e5544e784c3651a31985e6,
        type: 2}
      propertyPath: m_Materials.Array.data[0]
      value: 
      objectReference: {fileID: 2100000, guid: d7a01a95aee0a8749acfc9a7255e7699, type: 2}
    - target: {fileID: 23573114649699980, guid: 04e57e2582e5544e784c3651a31985e6,
        type: 2}
      propertyPath: m_Materials.Array.data[0]
      value: 
      objectReference: {fileID: 2100000, guid: d7a01a95aee0a8749acfc9a7255e7699, type: 2}
    - target: {fileID: 23127842505989140, guid: 04e57e2582e5544e784c3651a31985e6,
        type: 2}
      propertyPath: m_Materials.Array.data[0]
      value: 
      objectReference: {fileID: 2100000, guid: d7a01a95aee0a8749acfc9a7255e7699, type: 2}
    - target: {fileID: 23252763494294578, guid: 04e57e2582e5544e784c3651a31985e6,
        type: 2}
      propertyPath: m_Materials.Array.data[0]
      value: 
      objectReference: {fileID: 2100000, guid: d7a01a95aee0a8749acfc9a7255e7699, type: 2}
    - target: {fileID: 23272583097778758, guid: 04e57e2582e5544e784c3651a31985e6,
        type: 2}
      propertyPath: m_Materials.Array.data[0]
      value: 
      objectReference: {fileID: 2100000, guid: d7a01a95aee0a8749acfc9a7255e7699, type: 2}
    - target: {fileID: 23926462220558172, guid: 04e57e2582e5544e784c3651a31985e6,
        type: 2}
      propertyPath: m_Materials.Array.data[0]
      value: 
      objectReference: {fileID: 2100000, guid: d7a01a95aee0a8749acfc9a7255e7699, type: 2}
    - target: {fileID: 23416493266280644, guid: 04e57e2582e5544e784c3651a31985e6,
        type: 2}
      propertyPath: m_Materials.Array.data[0]
      value: 
      objectReference: {fileID: 2100000, guid: d7a01a95aee0a8749acfc9a7255e7699, type: 2}
    - target: {fileID: 23281877351749236, guid: 04e57e2582e5544e784c3651a31985e6,
        type: 2}
      propertyPath: m_Materials.Array.data[0]
      value: 
      objectReference: {fileID: 2100000, guid: d7a01a95aee0a8749acfc9a7255e7699, type: 2}
    - target: {fileID: 1624901350453056, guid: 04e57e2582e5544e784c3651a31985e6, type: 2}
      propertyPath: m_IsActive
      value: 0
      objectReference: {fileID: 0}
    - target: {fileID: 1612730236358866, guid: 04e57e2582e5544e784c3651a31985e6, type: 2}
      propertyPath: m_IsActive
      value: 0
      objectReference: {fileID: 0}
    - target: {fileID: 4758175817366138, guid: 04e57e2582e5544e784c3651a31985e6, type: 2}
      propertyPath: m_LocalPosition.z
      value: 3.8000023
      objectReference: {fileID: 0}
    - target: {fileID: 4926668937999202, guid: 04e57e2582e5544e784c3651a31985e6, type: 2}
      propertyPath: m_LocalPosition.z
      value: 16.330002
      objectReference: {fileID: 0}
    - target: {fileID: 1598633150234578, guid: 04e57e2582e5544e784c3651a31985e6, type: 2}
      propertyPath: m_IsActive
      value: 0
      objectReference: {fileID: 0}
    - target: {fileID: 1364760314778450, guid: 04e57e2582e5544e784c3651a31985e6, type: 2}
      propertyPath: m_IsActive
      value: 0
      objectReference: {fileID: 0}
    - target: {fileID: 1312322036106224, guid: 04e57e2582e5544e784c3651a31985e6, type: 2}
      propertyPath: m_IsActive
      value: 0
      objectReference: {fileID: 0}
    - target: {fileID: 1800876071943764, guid: 04e57e2582e5544e784c3651a31985e6, type: 2}
      propertyPath: m_IsActive
      value: 0
      objectReference: {fileID: 0}
    - target: {fileID: 1703915931604474, guid: 04e57e2582e5544e784c3651a31985e6, type: 2}
      propertyPath: m_IsActive
      value: 0
      objectReference: {fileID: 0}
    - target: {fileID: 1035259127002672, guid: 04e57e2582e5544e784c3651a31985e6, type: 2}
      propertyPath: m_IsActive
      value: 0
      objectReference: {fileID: 0}
    - target: {fileID: 1145730510629480, guid: 04e57e2582e5544e784c3651a31985e6, type: 2}
      propertyPath: m_IsActive
      value: 0
      objectReference: {fileID: 0}
    - target: {fileID: 1183250955222036, guid: 04e57e2582e5544e784c3651a31985e6, type: 2}
      propertyPath: m_IsActive
      value: 0
      objectReference: {fileID: 0}
    - target: {fileID: 1935640227218894, guid: 04e57e2582e5544e784c3651a31985e6, type: 2}
      propertyPath: m_IsActive
      value: 0
      objectReference: {fileID: 0}
    - target: {fileID: 1432705978571466, guid: 04e57e2582e5544e784c3651a31985e6, type: 2}
      propertyPath: m_IsActive
      value: 0
      objectReference: {fileID: 0}
    - target: {fileID: 4403982475811212, guid: 04e57e2582e5544e784c3651a31985e6, type: 2}
      propertyPath: m_LocalPosition.z
      value: 74.200005
      objectReference: {fileID: 0}
    - target: {fileID: 4176981697120136, guid: 04e57e2582e5544e784c3651a31985e6, type: 2}
      propertyPath: m_LocalPosition.z
      value: 71.3
      objectReference: {fileID: 0}
    - target: {fileID: 1944507378058000, guid: 04e57e2582e5544e784c3651a31985e6, type: 2}
      propertyPath: m_IsActive
      value: 0
      objectReference: {fileID: 0}
    - target: {fileID: 1494541762356260, guid: 04e57e2582e5544e784c3651a31985e6, type: 2}
      propertyPath: m_IsActive
      value: 0
      objectReference: {fileID: 0}
    - target: {fileID: 1492472178685758, guid: 04e57e2582e5544e784c3651a31985e6, type: 2}
      propertyPath: m_IsActive
      value: 0
      objectReference: {fileID: 0}
    - target: {fileID: 1860674215368058, guid: 04e57e2582e5544e784c3651a31985e6, type: 2}
      propertyPath: m_IsActive
      value: 0
      objectReference: {fileID: 0}
    - target: {fileID: 4883431171645266, guid: 04e57e2582e5544e784c3651a31985e6, type: 2}
      propertyPath: m_LocalPosition.z
      value: 63.939995
      objectReference: {fileID: 0}
    - target: {fileID: 4788488431000554, guid: 04e57e2582e5544e784c3651a31985e6, type: 2}
      propertyPath: m_LocalPosition.z
      value: 67.34
      objectReference: {fileID: 0}
    - target: {fileID: 4883431171645266, guid: 04e57e2582e5544e784c3651a31985e6, type: 2}
      propertyPath: m_LocalPosition.x
      value: 47.603603
      objectReference: {fileID: 0}
    - target: {fileID: 4788488431000554, guid: 04e57e2582e5544e784c3651a31985e6, type: 2}
      propertyPath: m_LocalPosition.x
      value: 57.05
      objectReference: {fileID: 0}
    m_RemovedComponents: []
  m_ParentPrefab: {fileID: 100100000, guid: 04e57e2582e5544e784c3651a31985e6, type: 2}
  m_IsPrefabParent: 0
--- !u!4 &1678849402 stripped
Transform:
  m_PrefabParentObject: {fileID: 4393544176183292, guid: 04e57e2582e5544e784c3651a31985e6,
    type: 2}
  m_PrefabInternal: {fileID: 1678849401}
--- !u!1 &1679663060 stripped
GameObject:
  m_PrefabParentObject: {fileID: 1944507378058000, guid: 04e57e2582e5544e784c3651a31985e6,
    type: 2}
  m_PrefabInternal: {fileID: 1678849401}
--- !u!114 &1679663062
MonoBehaviour:
  m_ObjectHideFlags: 0
  m_PrefabParentObject: {fileID: 0}
  m_PrefabInternal: {fileID: 0}
  m_GameObject: {fileID: 1679663060}
  m_Enabled: 1
  m_EditorHideFlags: 0
  m_Script: {fileID: 11500000, guid: 41df52adcb5cc4148bc56aa445e08f90, type: 3}
  m_Name: 
  m_EditorClassIdentifier: 
  explosion: {fileID: 100012, guid: 160925a6fe2664f2a978566b819f0af0, type: 2}
  playerExplosion: {fileID: 100008, guid: 3455fe69f7ddc4604b95bf9b0a1e88d7, type: 2}
--- !u!114 &1693932237 stripped
MonoBehaviour:
  m_PrefabParentObject: {fileID: 114936328316977704, guid: 884df4e5dbb33400681047d4d001a08b,
    type: 2}
  m_PrefabInternal: {fileID: 1782184666}
  m_Script: {fileID: 1453722849, guid: 89f0137620f6af44b9ba852b4190e64e, type: 3}
--- !u!1 &1730608168
GameObject:
  m_ObjectHideFlags: 0
  m_PrefabParentObject: {fileID: 1254236532158444, guid: 04e57e2582e5544e784c3651a31985e6,
    type: 2}
  m_PrefabInternal: {fileID: 0}
  serializedVersion: 5
  m_Component:
  - component: {fileID: 1730608169}
  - component: {fileID: 1730608173}
  - component: {fileID: 1730608172}
  - component: {fileID: 1730608171}
  - component: {fileID: 1730608170}
  m_Layer: 0
  m_Name: Cube (32)
  m_TagString: Untagged
  m_Icon: {fileID: 0}
  m_NavMeshLayer: 0
  m_StaticEditorFlags: 0
  m_IsActive: 1
--- !u!4 &1730608169
Transform:
  m_ObjectHideFlags: 0
  m_PrefabParentObject: {fileID: 4183508373939230, guid: 04e57e2582e5544e784c3651a31985e6,
    type: 2}
  m_PrefabInternal: {fileID: 0}
  m_GameObject: {fileID: 1730608168}
  m_LocalRotation: {x: -0, y: 0.7071068, z: -0, w: 0.7071068}
  m_LocalPosition: {x: 56.98, y: 23.600006, z: 47.74}
  m_LocalScale: {x: 22.000027, y: 1, z: 2.000001}
  m_Children: []
  m_Father: {fileID: 1678849402}
  m_RootOrder: 32
  m_LocalEulerAnglesHint: {x: 0, y: 90, z: 0}
--- !u!114 &1730608170
MonoBehaviour:
  m_ObjectHideFlags: 0
  m_PrefabParentObject: {fileID: 0}
  m_PrefabInternal: {fileID: 0}
  m_GameObject: {fileID: 1730608168}
  m_Enabled: 1
  m_EditorHideFlags: 0
  m_Script: {fileID: 11500000, guid: 41df52adcb5cc4148bc56aa445e08f90, type: 3}
  m_Name: 
  m_EditorClassIdentifier: 
  explosion: {fileID: 100012, guid: 160925a6fe2664f2a978566b819f0af0, type: 2}
  playerExplosion: {fileID: 100008, guid: 3455fe69f7ddc4604b95bf9b0a1e88d7, type: 2}
--- !u!23 &1730608171
MeshRenderer:
  m_ObjectHideFlags: 0
  m_PrefabParentObject: {fileID: 23317240950524180, guid: 04e57e2582e5544e784c3651a31985e6,
    type: 2}
  m_PrefabInternal: {fileID: 0}
  m_GameObject: {fileID: 1730608168}
  m_Enabled: 1
  m_CastShadows: 1
  m_ReceiveShadows: 1
  m_MotionVectors: 1
  m_LightProbeUsage: 1
  m_ReflectionProbeUsage: 1
  m_Materials:
  - {fileID: 2100000, guid: d7a01a95aee0a8749acfc9a7255e7699, type: 2}
  m_StaticBatchInfo:
    firstSubMesh: 0
    subMeshCount: 0
  m_StaticBatchRoot: {fileID: 0}
  m_ProbeAnchor: {fileID: 0}
  m_LightProbeVolumeOverride: {fileID: 0}
  m_ScaleInLightmap: 1
  m_PreserveUVs: 1
  m_IgnoreNormalsForChartDetection: 0
  m_ImportantGI: 0
  m_SelectedEditorRenderState: 3
  m_MinimumChartSize: 4
  m_AutoUVMaxDistance: 0.5
  m_AutoUVMaxAngle: 89
  m_LightmapParameters: {fileID: 0}
  m_SortingLayerID: 0
  m_SortingLayer: 0
  m_SortingOrder: 0
--- !u!65 &1730608172
BoxCollider:
  m_ObjectHideFlags: 0
  m_PrefabParentObject: {fileID: 65812600202680680, guid: 04e57e2582e5544e784c3651a31985e6,
    type: 2}
  m_PrefabInternal: {fileID: 0}
  m_GameObject: {fileID: 1730608168}
  m_Material: {fileID: 0}
  m_IsTrigger: 1
  m_Enabled: 1
  serializedVersion: 2
  m_Size: {x: 1, y: 1, z: 1}
  m_Center: {x: 0, y: 0, z: 0}
--- !u!33 &1730608173
MeshFilter:
  m_ObjectHideFlags: 0
  m_PrefabParentObject: {fileID: 33022440360498256, guid: 04e57e2582e5544e784c3651a31985e6,
    type: 2}
  m_PrefabInternal: {fileID: 0}
  m_GameObject: {fileID: 1730608168}
  m_Mesh: {fileID: 10202, guid: 0000000000000000e000000000000000, type: 0}
--- !u!1 &1780373403 stripped
GameObject:
  m_PrefabParentObject: {fileID: 1254236532158444, guid: 04e57e2582e5544e784c3651a31985e6,
    type: 2}
  m_PrefabInternal: {fileID: 1678849401}
--- !u!114 &1780373405
MonoBehaviour:
  m_ObjectHideFlags: 0
  m_PrefabParentObject: {fileID: 0}
  m_PrefabInternal: {fileID: 0}
  m_GameObject: {fileID: 1780373403}
  m_Enabled: 1
  m_EditorHideFlags: 0
  m_Script: {fileID: 11500000, guid: 41df52adcb5cc4148bc56aa445e08f90, type: 3}
  m_Name: 
  m_EditorClassIdentifier: 
  explosion: {fileID: 100012, guid: 160925a6fe2664f2a978566b819f0af0, type: 2}
  playerExplosion: {fileID: 100008, guid: 3455fe69f7ddc4604b95bf9b0a1e88d7, type: 2}
--- !u!1001 &1782184666
Prefab:
  m_ObjectHideFlags: 0
  serializedVersion: 2
  m_Modification:
    m_TransformParent: {fileID: 0}
    m_Modifications:
    - target: {fileID: 224536300494259332, guid: 884df4e5dbb33400681047d4d001a08b,
        type: 2}
      propertyPath: m_LocalPosition.x
      value: 0
      objectReference: {fileID: 0}
    - target: {fileID: 224536300494259332, guid: 884df4e5dbb33400681047d4d001a08b,
        type: 2}
      propertyPath: m_LocalPosition.y
      value: 0
      objectReference: {fileID: 0}
    - target: {fileID: 224536300494259332, guid: 884df4e5dbb33400681047d4d001a08b,
        type: 2}
      propertyPath: m_LocalPosition.z
      value: 0
      objectReference: {fileID: 0}
    - target: {fileID: 224536300494259332, guid: 884df4e5dbb33400681047d4d001a08b,
        type: 2}
      propertyPath: m_LocalRotation.x
      value: 0
      objectReference: {fileID: 0}
    - target: {fileID: 224536300494259332, guid: 884df4e5dbb33400681047d4d001a08b,
        type: 2}
      propertyPath: m_LocalRotation.y
      value: 0
      objectReference: {fileID: 0}
    - target: {fileID: 224536300494259332, guid: 884df4e5dbb33400681047d4d001a08b,
        type: 2}
      propertyPath: m_LocalRotation.z
      value: 0
      objectReference: {fileID: 0}
    - target: {fileID: 224536300494259332, guid: 884df4e5dbb33400681047d4d001a08b,
        type: 2}
      propertyPath: m_LocalRotation.w
      value: 1
      objectReference: {fileID: 0}
    - target: {fileID: 224536300494259332, guid: 884df4e5dbb33400681047d4d001a08b,
        type: 2}
      propertyPath: m_RootOrder
      value: 10
      objectReference: {fileID: 0}
    - target: {fileID: 224536300494259332, guid: 884df4e5dbb33400681047d4d001a08b,
        type: 2}
      propertyPath: m_AnchoredPosition.x
      value: 0
      objectReference: {fileID: 0}
    - target: {fileID: 224536300494259332, guid: 884df4e5dbb33400681047d4d001a08b,
        type: 2}
      propertyPath: m_AnchoredPosition.y
      value: 0
      objectReference: {fileID: 0}
    - target: {fileID: 224536300494259332, guid: 884df4e5dbb33400681047d4d001a08b,
        type: 2}
      propertyPath: m_SizeDelta.x
      value: 0
      objectReference: {fileID: 0}
    - target: {fileID: 224536300494259332, guid: 884df4e5dbb33400681047d4d001a08b,
        type: 2}
      propertyPath: m_SizeDelta.y
      value: 0
      objectReference: {fileID: 0}
    - target: {fileID: 224536300494259332, guid: 884df4e5dbb33400681047d4d001a08b,
        type: 2}
      propertyPath: m_AnchorMin.x
      value: 0
      objectReference: {fileID: 0}
    - target: {fileID: 224536300494259332, guid: 884df4e5dbb33400681047d4d001a08b,
        type: 2}
      propertyPath: m_AnchorMin.y
      value: 0
      objectReference: {fileID: 0}
    - target: {fileID: 224536300494259332, guid: 884df4e5dbb33400681047d4d001a08b,
        type: 2}
      propertyPath: m_AnchorMax.x
      value: 0
      objectReference: {fileID: 0}
    - target: {fileID: 224536300494259332, guid: 884df4e5dbb33400681047d4d001a08b,
        type: 2}
      propertyPath: m_AnchorMax.y
      value: 0
      objectReference: {fileID: 0}
    - target: {fileID: 224536300494259332, guid: 884df4e5dbb33400681047d4d001a08b,
        type: 2}
      propertyPath: m_Pivot.x
      value: 0
      objectReference: {fileID: 0}
    - target: {fileID: 224536300494259332, guid: 884df4e5dbb33400681047d4d001a08b,
        type: 2}
      propertyPath: m_Pivot.y
      value: 0
      objectReference: {fileID: 0}
    m_RemovedComponents: []
  m_ParentPrefab: {fileID: 100100000, guid: 884df4e5dbb33400681047d4d001a08b, type: 2}
  m_IsPrefabParent: 0
--- !u!1 &1925221830 stripped
GameObject:
  m_PrefabParentObject: {fileID: 1598633150234578, guid: 04e57e2582e5544e784c3651a31985e6,
    type: 2}
  m_PrefabInternal: {fileID: 1678849401}
--- !u!114 &1925221832
MonoBehaviour:
  m_ObjectHideFlags: 0
  m_PrefabParentObject: {fileID: 0}
  m_PrefabInternal: {fileID: 0}
  m_GameObject: {fileID: 1925221830}
  m_Enabled: 1
  m_EditorHideFlags: 0
  m_Script: {fileID: 11500000, guid: 41df52adcb5cc4148bc56aa445e08f90, type: 3}
  m_Name: 
  m_EditorClassIdentifier: 
  explosion: {fileID: 100012, guid: 160925a6fe2664f2a978566b819f0af0, type: 2}
  playerExplosion: {fileID: 100008, guid: 3455fe69f7ddc4604b95bf9b0a1e88d7, type: 2}
--- !u!1 &2024764136 stripped
GameObject:
  m_PrefabParentObject: {fileID: 1612730236358866, guid: 04e57e2582e5544e784c3651a31985e6,
    type: 2}
  m_PrefabInternal: {fileID: 1678849401}
--- !u!114 &2024764138
MonoBehaviour:
  m_ObjectHideFlags: 0
  m_PrefabParentObject: {fileID: 0}
  m_PrefabInternal: {fileID: 0}
  m_GameObject: {fileID: 2024764136}
  m_Enabled: 1
  m_EditorHideFlags: 0
  m_Script: {fileID: 11500000, guid: 41df52adcb5cc4148bc56aa445e08f90, type: 3}
  m_Name: 
  m_EditorClassIdentifier: 
  explosion: {fileID: 100012, guid: 160925a6fe2664f2a978566b819f0af0, type: 2}
  playerExplosion: {fileID: 100008, guid: 3455fe69f7ddc4604b95bf9b0a1e88d7, type: 2}
--- !u!1 &2050380273 stripped
GameObject:
  m_PrefabParentObject: {fileID: 1703915931604474, guid: 04e57e2582e5544e784c3651a31985e6,
    type: 2}
  m_PrefabInternal: {fileID: 1678849401}
--- !u!114 &2050380275
MonoBehaviour:
  m_ObjectHideFlags: 0
  m_PrefabParentObject: {fileID: 0}
  m_PrefabInternal: {fileID: 0}
  m_GameObject: {fileID: 2050380273}
  m_Enabled: 1
  m_EditorHideFlags: 0
  m_Script: {fileID: 11500000, guid: 41df52adcb5cc4148bc56aa445e08f90, type: 3}
  m_Name: 
  m_EditorClassIdentifier: 
  explosion: {fileID: 100012, guid: 160925a6fe2664f2a978566b819f0af0, type: 2}
  playerExplosion: {fileID: 100008, guid: 3455fe69f7ddc4604b95bf9b0a1e88d7, type: 2}
--- !u!1 &2146906969 stripped
GameObject:
  m_PrefabParentObject: {fileID: 1800876071943764, guid: 04e57e2582e5544e784c3651a31985e6,
    type: 2}
  m_PrefabInternal: {fileID: 1678849401}
--- !u!114 &2146906971
MonoBehaviour:
  m_ObjectHideFlags: 0
  m_PrefabParentObject: {fileID: 0}
  m_PrefabInternal: {fileID: 0}
  m_GameObject: {fileID: 2146906969}
  m_Enabled: 1
  m_EditorHideFlags: 0
  m_Script: {fileID: 11500000, guid: 41df52adcb5cc4148bc56aa445e08f90, type: 3}
  m_Name: 
  m_EditorClassIdentifier: 
  explosion: {fileID: 100012, guid: 160925a6fe2664f2a978566b819f0af0, type: 2}
  playerExplosion: {fileID: 100008, guid: 3455fe69f7ddc4604b95bf9b0a1e88d7, type: 2}
